@inproceedings{2022arbiter,
  title = {Arbiter: {{Bridging}} the {{Static}} and {{Dynamic Divide}} in {{Vulnerability Discovery}} on {{Binary Programs}}},
  shorttitle = {Arbiter},
  date = {2022},
  eventtitle = {31st {{USENIX Security Symposium}} ({{USENIX Security}} 22)}
}

@software{2022sandboxed,
  title = {Sandboxed {{API}}},
  date = {2022-07-26T08:23:49Z},
  origdate = {2019-03-07T09:30:45Z},
  organization = {{Google}}
}

@inproceedings{abubakar2021shard,
  title = {\{\vphantom\}{{SHARD}}\vphantom\{\}: \{\vphantom\}{{Fine-Grained}}\vphantom\{\} {{Kernel Specialization}} with \{\vphantom\}{{Context-Aware}}\vphantom\{\} {{Hardening}}},
  shorttitle = {\{\vphantom\}{{SHARD}}\vphantom\{\}},
  author = {Abubakar, Muhammad and Ahmad, Adil and Fonseca, Pedro and Xu, Dongyan},
  date = {2021},
  pages = {2435--2452},
  eventtitle = {30th {{USENIX Security Symposium}} ({{USENIX Security}} 21)}
}

@thesis{acher2019learning,
  type = {report},
  title = {Learning {{Very Large Configuration Spaces}}: {{What Matters}} for {{Linux Kernel Sizes}}},
  shorttitle = {Learning {{Very Large Configuration Spaces}}},
  author = {Acher, Mathieu and Martin, Hugo and Pereira, Juliana Alves and Blouin, Arnaud and J\'ez\'equel, Jean-Marc and Khelladi, Djamel Eddine and Lesoil, Luc and Barais, Olivier},
  date = {2019-10-14},
  institution = {{Inria Rennes - Bretagne Atlantique}}
}

@inproceedings{agadakos2019nibbler,
  title = {Nibbler: Debloating Binary Shared Libraries},
  shorttitle = {Nibbler},
  booktitle = {Proc. 35th {{Annu}}. {{Comput}}. {{Secur}}. {{Appl}}. {{Conf}}.},
  author = {Agadakos, Ioannis and Jin, Di and Williams-King, David and Kemerlis, Vasileios P. and Portokalidis, Georgios},
  date = {2019-12-09},
  series = {{{ACSAC}} '19},
  pages = {70--83},
  publisher = {{Association for Computing Machinery}},
  location = {{New York, NY, USA}}
}

@article{ahmad2019obfuscuro,
  title = {{{OBFUSCURO}}: {{A Commodity Obfuscation Engine}} on {{Intel SGX}}},
  shorttitle = {{{OBFUSCURO}}},
  author = {Ahmad, Adil and Joe, Byunggill and Xiao, Yuan and Zhang, Yinqian and Shin, Insik and Lee, Byoungyoung},
  date = {2019-01},
  journaltitle = {Netw. Distrib. Syst. Secur. Symp.}
}

@inproceedings{ahmad2021kard,
  title = {Kard: Lightweight Data Race Detection with per-Thread Memory Protection},
  shorttitle = {Kard},
  booktitle = {Proc. 26th {{ACM Int}}. {{Conf}}. {{Archit}}. {{Support Program}}. {{Lang}}. {{Oper}}. {{Syst}}.},
  author = {Ahmad, Adil and Lee, Sangho and Fonseca, Pedro and Lee, Byoungyoung},
  date = {2021-04-19},
  series = {{{ASPLOS}} 2021},
  pages = {647--660},
  publisher = {{Association for Computing Machinery}},
  location = {{New York, NY, USA}}
}

@article{ahmad2021trimmer,
  title = {{{TRIMMER}}: {{An Automated System}} for {{Configuration-based Software Debloating}}},
  shorttitle = {{{TRIMMER}}},
  author = {Ahmad, Aatira Anum and Noor, Abdul Rafae and Sharif, Hashim and Hameed, Usama and Asif, Shoaib and Anwar, Mubashir and Gehani, Ashish and Siddiqui, Junaid Haroon and Zaffar, Fareed M},
  date = {2021},
  journaltitle = {IEEE Trans. Softw. Eng.},
  pages = {1--1},
  eventtitle = {{{IEEE Transactions}} on {{Software Engineering}}}
}

@inproceedings{ainsworth2020markus,
  title = {{{MarkUs}}: {{Drop-in}} Use-after-Free Prevention for Low-Level Languages},
  shorttitle = {{{MarkUs}}},
  booktitle = {2020 {{IEEE Symp}}. {{Secur}}. {{Priv}}. {{SP}}},
  author = {Ainsworth, Sam and Jones, Timothy M.},
  date = {2020-05},
  pages = {578--591},
  publisher = {{IEEE}},
  location = {{San Francisco, CA, USA}},
  eventtitle = {2020 {{IEEE Symposium}} on {{Security}} and {{Privacy}} ({{SP}})}
}

@article{akram2020meet,
  title = {Meet the {{Sherlock Holmes}}' of {{Side Channel Leakage}}: {{A Survey}} of {{Cache SCA Detection Techniques}}},
  shorttitle = {Meet the {{Sherlock Holmes}}' of {{Side Channel Leakage}}},
  author = {Akram, Ayaz and Mushtaq, Maria and Bhatti, Muhammad Khurram and Lapotre, Vianney and Gogniat, Guy},
  date = {2020},
  journaltitle = {IEEE Access},
  volume = {8},
  pages = {70836--70860},
  eventtitle = {{{IEEE Access}}}
}

@inproceedings{akritidis2008preventing,
  title = {Preventing {{Memory Error Exploits}} with {{WIT}}},
  booktitle = {2008 {{IEEE Symp}}. {{Secur}}. {{Priv}}. {{Sp}} 2008},
  author = {Akritidis, Periklis and Cadar, Cristian and Raiciu, Costin and Costa, Manuel and Castro, Miguel},
  date = {2008-05},
  pages = {263--277},
  eventtitle = {2008 {{IEEE Symposium}} on {{Security}} and {{Privacy}} (Sp 2008)}
}

@misc{alam2020deeplock,
  title = {Deep-{{Lock}}: {{Secure Authorization}} for {{Deep Neural Networks}}},
  shorttitle = {Deep-{{Lock}}},
  author = {Alam, Manaar and Saha, Sayandeep and Mukhopadhyay, Debdeep and Kundu, Sandip},
  date = {2020-08-13},
  number = {arXiv:2008.05966},
  eprint = {2008.05966},
  eprinttype = {arxiv},
  primaryclass = {cs, stat},
  publisher = {{arXiv}},
  archiveprefix = {arXiv},
  annotation = {7 citations (Semantic Scholar/arXiv) [2022-10-31]}
}

@inproceedings{alhanahnah2022lightweight,
  title = {Lightweight, {{Multi-Stage}}, {{Compiler-Assisted Application Specialization}}},
  booktitle = {2022 {{IEEE}} 7th {{Eur}}. {{Symp}}. {{Secur}}. {{Priv}}. {{EuroSP}}},
  author = {Alhanahnah, Mohannad and Jain, Rithik and Rastogi, Vaibhav and Jha, Somesh and Reps, Thomas},
  date = {2022-06},
  pages = {251--269},
  eventtitle = {2022 {{IEEE}} 7th {{European Symposium}} on {{Security}} and {{Privacy}} ({{EuroS}}\&{{P}})}
}

@inproceedings{almakhdhub2020mu,
  title = {\$\textbackslash mu\${{RAI}}: {{Securing Embedded Systems}} with {{Return Address Integrity}}},
  shorttitle = {\$\textbackslash mu\${{RAI}}},
  booktitle = {Proc. 2020 {{Netw}}. {{Distrib}}. {{Syst}}. {{Secur}}. {{Symp}}.},
  author = {Almakhdhub, Naif Saleh and Clements, Abraham A. and Bagchi, Saurabh and Payer, Mathias},
  date = {2020},
  publisher = {{Internet Society}},
  location = {{San Diego, CA}},
  eventtitle = {Network and {{Distributed System Security Symposium}}}
}

@misc{almatary2022compartos,
  title = {{{CompartOS}}: {{CHERI Compartmentalization}} for {{Embedded Systems}}},
  shorttitle = {{{CompartOS}}},
  author = {Almatary, Hesham and Dodson, Michael and Clarke, Jessica and Rugg, Peter and Gomes, Ivan and Podhradsky, Michal and Neumann, Peter G. and Moore, Simon W. and Watson, Robert N. M.},
  date = {2022-06-11},
  number = {arXiv:2206.02852},
  eprint = {2206.02852},
  eprinttype = {arxiv},
  primaryclass = {cs},
  publisher = {{arXiv}},
  archiveprefix = {arXiv}
}

@article{andersonsecurity,
  title = {Security {{Engineering}}: {{A Guide}} to {{Building Dependable Distributed Systems}}},
  author = {Anderson, Ross},
  pages = {1235}
}

@misc{atamli-reineh2017securing,
  title = {Securing {{Application}} with {{Software Partitioning}}: {{A}} Case Study Using {{SGX}}},
  shorttitle = {Securing {{Application}} with {{Software Partitioning}}},
  author = {Atamli-Reineh, Ahmad and Martin, Andrew},
  date = {2017-06-09},
  number = {arXiv:1706.03006},
  eprint = {1706.03006},
  eprinttype = {arxiv},
  primaryclass = {cs},
  publisher = {{arXiv}},
  archiveprefix = {arXiv}
}

@article{avanzi2017qarma,
  title = {The {{QARMA}} Block Cipher Family. {{Almost MDS}} Matrices over Rings with Zero Divisors, Nearly Symmetric Even-Mansour Constructions with Non-Involutory Central Rounds, and Search Heuristics for Low-Latency s-Boxes},
  author = {Avanzi, Roberto},
  date = {2017-03},
  journaltitle = {IACR Trans. Symmetric Cryptol.},
  volume = {2017},
  number = {1},
  pages = {4--44}
}

@inproceedings{azad2019less,
  title = {Less Is {{More}}: {{Quantifying}} the {{Security Benefits}} of {{Debloating Web Applications}}},
  shorttitle = {Less Is {{More}}},
  author = {Azad, Babak Amin and Laperdrix, Pierre and Nikiforakis, Nick},
  date = {2019},
  pages = {1697--1714},
  eventtitle = {28th {{USENIX Security Symposium}} ({{USENIX Security}} 19)}
}

@inproceedings{azim2019dynamic,
  title = {Dynamic {{Slicing}} for {{Android}}},
  booktitle = {2019 {{IEEEACM}} 41st {{Int}}. {{Conf}}. {{Softw}}. {{Eng}}. {{ICSE}}},
  author = {Azim, Tanzirul and Alavi, Arash and Neamtiu, Iulian and Gupta, Rajiv},
  date = {2019-05},
  pages = {1154--1164},
  eventtitle = {2019 {{IEEE}}/{{ACM}} 41st {{International Conference}} on {{Software Engineering}} ({{ICSE}})}
}

@inproceedings{bae2021rudra,
  title = {Rudra: {{Finding Memory Safety Bugs}} in {{Rust}} at the {{Ecosystem Scale}}},
  shorttitle = {Rudra},
  booktitle = {Proc. {{ACM SIGOPS}} 28th {{Symp}}. {{Oper}}. {{Syst}}. {{Princ}}.},
  author = {Bae, Yechan and Kim, Youngsuk and Askar, Ammar and Lim, Jungwon and Kim, Taesoo},
  date = {2021-10-26},
  series = {{{SOSP}} '21},
  pages = {84--99},
  publisher = {{Association for Computing Machinery}},
  location = {{New York, NY, USA}}
}

@inproceedings{bai2018dsac,
  title = {\{\vphantom\}{{DSAC}}\vphantom\{\}: {{Effective Static Analysis}} of \{\vphantom\}{{Sleep-in-Atomic-Context}}\vphantom\{\} {{Bugs}} in {{Kernel Modules}}},
  shorttitle = {\{\vphantom\}{{DSAC}}\vphantom\{\}},
  author = {Bai, Jia-Ju and Wang, Yu-Ping and Lawall, Julia and Hu, Shi-Min},
  date = {2018},
  pages = {587--600},
  eventtitle = {2018 {{USENIX Annual Technical Conference}} ({{USENIX ATC}} 18)}
}

@article{balasubramanian2017system,
  title = {System {{Programming}} in {{Rust}}: {{Beyond Safety}}},
  shorttitle = {System {{Programming}} in {{Rust}}},
  author = {Balasubramanian, Abhiram and Baranowski, Marek S. and Burtsev, Anton and Panda, Aurojit and Rakamari, Zvonimir and Ryzhyk, Leonid},
  date = {2017-09-11},
  journaltitle = {SIGOPS Oper. Syst. Rev.},
  volume = {51},
  number = {1},
  pages = {94--99}
}

@article{banerjee2020sound,
  title = {Sound Garbage Collection for {{C}} Using Pointer Provenance},
  author = {Banerjee, Subarno and Devecsery, David and Chen, Peter M. and Narayanasamy, Satish},
  date = {2020-11-13},
  journaltitle = {Proc. ACM Program. Lang.},
  volume = {4},
  pages = {1--28},
  issue = {OOPSLA}
}

@inproceedings{bang2018online,
  title = {Online {{Synthesis}} of {{Adaptive Side-Channel Attacks Based On Noisy Observations}}},
  booktitle = {2018 {{IEEE Eur}}. {{Symp}}. {{Secur}}. {{Priv}}. {{EuroS P}}},
  author = {Bang, Lucas and Rosner, Nicolas and Bultan, Tevfik},
  date = {2018-04},
  pages = {307--322},
  eventtitle = {2018 {{IEEE European Symposium}} on {{Security}} and {{Privacy}} ({{EuroS P}})},
  annotation = {19 citations (Semantic Scholar/DOI) [2022-01-24]}
}

@inproceedings{bauer2021cali,
  title = {Cali: {{Compiler-Assisted Library Isolation}}},
  shorttitle = {Cali},
  booktitle = {Proc. 2021 {{ACM Asia Conf}}. {{Comput}}. {{Commun}}. {{Secur}}.},
  author = {Bauer, Markus and Rossow, Christian},
  date = {2021-05-24},
  series = {{{ASIA CCS}} '21},
  pages = {550--564},
  publisher = {{Association for Computing Machinery}},
  location = {{New York, NY, USA}}
}

@inproceedings{bayerl2020offline,
  title = {Offline {{Model Guard}}: Secure and Private {{ML}} on Mobile Devices},
  shorttitle = {Offline {{Model Guard}}},
  booktitle = {Proc. 23rd {{Conf}}. {{Des}}. {{Autom}}. {{Test Eur}}.},
  author = {Bayerl, Sebastian P. and Frassetto, Tommaso and Jauernig, Patrick and Riedhammer, Korbinian and Sadeghi, Ahmad-Reza and Schneider, Thomas and Stapf, Emmanuel and Weinert, Christian},
  date = {2020-06-26},
  series = {{{DATE}} '20},
  pages = {460--465},
  publisher = {{EDA Consortium}},
  location = {{San Jose, CA, USA}}
}

@inproceedings{bernhard2022xtag,
  title = {{{xTag}}: {{Mitigating Use-After-Free Vulnerabilities}} via {{Software-Based Pointer Tagging}} on {{Intel}} X86-64},
  shorttitle = {{{xTag}}},
  booktitle = {2022 {{IEEE}} 7th {{Eur}}. {{Symp}}. {{Secur}}. {{Priv}}. {{EuroSP}}},
  author = {Bernhard, Lukas and Rodler, Michael and Holz, Thorsten and Davit, Lucas},
  date = {2022-06},
  pages = {502--519},
  eventtitle = {2022 {{IEEE}} 7th {{European Symposium}} on {{Security}} and {{Privacy}} ({{EuroS}}\&{{P}})}
}

@incollection{besson2019compiling,
  title = {Compiling {{Sandboxes}}: {{Formally Verified Software Fault Isolation}}},
  shorttitle = {Compiling {{Sandboxes}}},
  booktitle = {Programming {{Languages}} and {{Systems}}},
  author = {Besson, Fr\'ed\'eric and Blazy, Sandrine and Dang, Alexandre and Jensen, Thomas and Wilke, Pierre},
  editor = {Caires, Lu\'is},
  date = {2019},
  series = {Lecture {{Notes}} in {{Computer Science}}},
  volume = {11423},
  pages = {499--524},
  publisher = {{Springer International Publishing}},
  location = {{Cham}}
}

@article{bittauwedge,
  title = {Wedge: {{Splitting Applications}} into {{Reduced-Privilege Compartments}}},
  author = {Bittau, Andrea and Marchenko, Petr and Handley, Mark and Karp, Brad},
  pages = {14}
}

@online{bloomfieldprogram,
  title = {Program and {{Data Representation}}: {{Textbook}}},
  author = {Bloomfield, Aaron}
}

@inproceedings{bohme2017directed,
  title = {Directed {{Greybox Fuzzing}}},
  booktitle = {Proc. 2017 {{ACM SIGSAC Conf}}. {{Comput}}. {{Commun}}. {{Secur}}.},
  author = {B\"ohme, Marcel and Pham, Van-Thuan and Nguyen, Manh-Dung and Roychoudhury, Abhik},
  date = {2017-10-30},
  series = {{{CCS}} '17},
  pages = {2329--2344},
  publisher = {{Association for Computing Machinery}},
  location = {{New York, NY, USA}}
}

@article{bonstrup2019rapid,
  title = {A {{Rapid Form}} of {{Offline Consolidation}} in {{Skill Learning}}},
  author = {B\"onstrup, Marlene and Iturrate, I\~naki and Thompson, Ryan and Cruciani, Gabriel and Censor, Nitzan and Cohen, Leonardo G.},
  date = {2019-04-22},
  journaltitle = {Current Biology},
  volume = {29},
  number = {8},
  pages = {1346-1351.e4}
}

@inproceedings{boos2020theseus,
  title = {Theseus: An {{Experiment}} in {{Operating System Structure}} and {{State Management}}},
  shorttitle = {Theseus},
  author = {Boos, Kevin and Liyanage, Namitha and Ijaz, Ramla and Zhong, Lin},
  date = {2020},
  pages = {1--19},
  eventtitle = {14th {{USENIX Symposium}} on {{Operating Systems Design}} and {{Implementation}} ({{OSDI}} 20)}
}

@inproceedings{borrello2021constantine,
  title = {Constantine: {{Automatic Side-Channel Resistance Using Efficient Control}} and {{Data Flow Linearization}}},
  shorttitle = {Constantine},
  booktitle = {Proc. 2021 {{ACM SIGSAC Conf}}. {{Comput}}. {{Commun}}. {{Secur}}.},
  author = {Borrello, Pietro and D'Elia, Daniele Cono and Querzoni, Leonardo and Giuffrida, Cristiano},
  date = {2021-11-12},
  series = {{{CCS}} '21},
  pages = {715--733},
  publisher = {{Association for Computing Machinery}},
  location = {{New York, NY, USA}}
}

@inproceedings{bosamiya2022provablysafe,
  title = {\{\vphantom\}{{Provably-Safe}}\vphantom\{\} {{Multilingual Software Sandboxing}} Using \{\vphantom\}{{WebAssembly}}\vphantom\{\}},
  author = {Bosamiya, Jay and Lim, Wen Shih and Parno, Bryan},
  date = {2022},
  pages = {1975--1992},
  eventtitle = {31st {{USENIX Security Symposium}} ({{USENIX Security}} 22)}
}

@inproceedings{brasser2015tytan,
  title = {{{TyTAN}}: Tiny Trust Anchor for Tiny Devices},
  shorttitle = {{{TyTAN}}},
  booktitle = {Proc. 52nd {{Annu}}. {{Des}}. {{Autom}}. {{Conf}}.},
  author = {Brasser, Ferdinand and El Mahjoub, Brahim and Sadeghi, Ahmad-Reza and Wachsmann, Christian and Koeberl, Patrick},
  date = {2015-06-07},
  series = {{{DAC}} '15},
  pages = {1--6},
  publisher = {{Association for Computing Machinery}},
  location = {{New York, NY, USA}}
}

@inproceedings{briongos2021aim,
  title = {Aim, {{Wait}}, {{Shoot}}: {{How}} the {{CacheSniper Technique Improves Unprivileged Cache Attacks}}},
  shorttitle = {Aim, {{Wait}}, {{Shoot}}},
  booktitle = {2021 {{IEEE Eur}}. {{Symp}}. {{Secur}}. {{Priv}}. {{EuroS P}}},
  author = {Briongos, Samira and Bruhns, Ida and Malag\'on, Pedro and Eisenbarth, Thomas and Moya, Jos\'e M.},
  date = {2021-09},
  pages = {683--700},
  eventtitle = {2021 {{IEEE European Symposium}} on {{Security}} and {{Privacy}} ({{EuroS P}})}
}

@inproceedings{brown2019less,
  title = {Is {{Less Really More}}? {{Towards Better Metrics}} for {{Measuring Security Improvements Realized Through Software Debloating}}},
  shorttitle = {Is {{Less Really More}}?},
  author = {Brown, Michael D. and Pande, Santosh},
  date = {2019},
  eventtitle = {12th {{USENIX Workshop}} on {{Cyber Security Experimentation}} and {{Test}} ({{CSET}} 19)}
}

@inproceedings{brumley2004privtrans,
  title = {Privtrans: {{Automatically Partitioning Programs}} for {{Privilege Separation}}},
  shorttitle = {Privtrans},
  author = {Brumley, David and Song, Dawn},
  date = {2004},
  eventtitle = {13th {{USENIX Security Symposium}} ({{USENIX Security}} 04)}
}

@book{bryant2016computer,
  title = {Computer Systems: A Programmer's Perspective},
  shorttitle = {Computer Systems},
  author = {Bryant, Randal E. and O'Hallaron, David R.},
  date = {2016},
  edition = {Third edition},
  publisher = {{Pearson}},
  location = {{Boston}},
  pagetotal = {1084}
}

@inproceedings{burnim2008heuristics,
  title = {Heuristics for Scalable Dynamic Test Generation},
  booktitle = {Proc {{ASE}}},
  author = {Burnim, Jacob and Sen, Koushik},
  date = {2008},
  pages = {443--446}
}

@article{burow2018controlflow,
  title = {Control-{{Flow Integrity}}: {{Precision}}, {{Security}}, and {{Performance}}},
  shorttitle = {Control-{{Flow Integrity}}},
  author = {Burow, Nathan and Carr, Scott A. and Nash, Joseph and Larsen, Per and Franz, Michael and Brunthaler, Stefan and Payer, Mathias},
  date = {2018-01-31},
  journaltitle = {ACM Comput. Surv.},
  volume = {50},
  number = {1},
  pages = {1--33}
}

@inproceedings{burtsev2021isolation,
  title = {Isolation in {{Rust}}: {{What}} Is {{Missing}}?},
  shorttitle = {Isolation in {{Rust}}},
  booktitle = {Proc. 11th {{Workshop Program}}. {{Lang}}. {{Oper}}. {{Syst}}.},
  author = {Burtsev, Anton and Appel, Dan and Detweiler, David and Huang, Tianjiao and Li, Zhaofeng and Narayanan, Vikram and Zellweger, Gerd},
  date = {2021-10-25},
  pages = {76--83},
  publisher = {{ACM}},
  location = {{Virtual Event Germany}},
  eventtitle = {{{SOSP}} '21: {{ACM SIGOPS}} 28th {{Symposium}} on {{Operating Systems Principles}}}
}

@inproceedings{caballero2012undangle,
  title = {Undangle: Early Detection of Dangling Pointers in Use-after-Free and Double-Free Vulnerabilities},
  shorttitle = {Undangle},
  booktitle = {Proc. 2012 {{Int}}. {{Symp}}. {{Softw}}. {{Test}}. {{Anal}}. - {{ISSTA}} 2012},
  author = {Caballero, Juan and Grieco, Gustavo and Marron, Mark and Nappa, Antonio},
  date = {2012},
  pages = {133},
  publisher = {{ACM Press}},
  location = {{Minneapolis, MN, USA}},
  eventtitle = {The 2012 {{International Symposium}}}
}

@misc{canella2021domain,
  title = {Domain {{Page-Table Isolation}}},
  author = {Canella, Claudio and Kogler, Andreas and Giner, Lukas and Gruss, Daniel and Schwarz, Michael},
  date = {2021-11-21},
  number = {arXiv:2111.10876},
  eprint = {2111.10876},
  eprinttype = {arxiv},
  primaryclass = {cs},
  publisher = {{arXiv}},
  archiveprefix = {arXiv}
}

@inproceedings{carlini2015controlflow,
  title = {Control-{{Flow Bending}}: {{On}} the {{Effectiveness}} of {{Control-Flow Integrity}}},
  shorttitle = {Control-{{Flow Bending}}},
  author = {Carlini, Nicholas and Barresi, Antonio and Payer, Mathias and Wagner, David and Gross, Thomas R.},
  date = {2015},
  pages = {161--176},
  eventtitle = {24th {{USENIX Security Symposium}} ({{USENIX Security}} 15)}
}

@inproceedings{carr2017datashield,
  title = {{{DataShield}}: {{Configurable Data Confidentiality}} and {{Integrity}}},
  shorttitle = {{{DataShield}}},
  booktitle = {Proc. 2017 {{ACM Asia Conf}}. {{Comput}}. {{Commun}}. {{Secur}}.},
  author = {Carr, Scott A. and Payer, Mathias},
  date = {2017-04-02},
  series = {{{ASIA CCS}} '17},
  pages = {193--204},
  publisher = {{Association for Computing Machinery}},
  location = {{New York, NY, USA}},
  annotation = {52 citations (Semantic Scholar/DOI) [2022-10-31]}
}

@inproceedings{castro2006securing,
  title = {Securing Software by Enforcing Data-Flow Integrity},
  booktitle = {Proc. 7th {{Symp}}. {{Oper}}. {{Syst}}. {{Des}}. {{Implement}}.},
  author = {Castro, Miguel and Costa, Manuel and Harris, Tim},
  date = {2006-11-06},
  series = {{{OSDI}} '06},
  pages = {147--160},
  publisher = {{USENIX Association}},
  location = {{USA}}
}

@inproceedings{castro2009fast,
  title = {Fast Byte-Granularity Software Fault Isolation},
  booktitle = {Proc. {{ACM SIGOPS}} 22nd {{Symp}}. {{Oper}}. {{Syst}}. {{Princ}}.},
  author = {Castro, Miguel and Costa, Manuel and Martin, Jean-Philippe and Peinado, Marcus and Akritidis, Periklis and Donnelly, Austin and Barham, Paul and Black, Richard},
  date = {2009-10-11},
  series = {{{SOSP}} '09},
  pages = {45--58},
  publisher = {{Association for Computing Machinery}},
  location = {{New York, NY, USA}},
  annotation = {190 citations (Semantic Scholar/DOI) [2022-10-21]}
}

@inproceedings{cha2015programadaptive,
  title = {Program-{{Adaptive Mutational Fuzzing}}},
  booktitle = {2015 {{IEEE Symp}}. {{Secur}}. {{Priv}}.},
  author = {Cha, Sang Kil and Woo, Maverick and Brumley, David},
  date = {2015-05},
  pages = {725--741},
  eventtitle = {2015 {{IEEE Symposium}} on {{Security}} and {{Privacy}}},
  annotation = {196 citations (Semantic Scholar/DOI) [2022-10-09]}
}

@inproceedings{chen2016shreds,
  title = {Shreds: {{Fine-Grained Execution Units}} with {{Private Memory}}},
  shorttitle = {Shreds},
  booktitle = {2016 {{IEEE Symp}}. {{Secur}}. {{Priv}}. {{SP}}},
  author = {Chen, Yaohui and Reymondjohnson, Sebassujeen and Sun, Zhichuang and Lu, Long},
  date = {2016-05},
  pages = {56--71},
  eventtitle = {2016 {{IEEE Symposium}} on {{Security}} and {{Privacy}} ({{SP}})}
}

@inproceedings{chen2020koobe,
  title = {\{\vphantom\}{{KOOBE}}\vphantom\{\}: {{Towards Facilitating Exploit Generation}} of {{Kernel}} \{\vphantom\}{{Out-Of-Bounds}}\vphantom\{\} {{Write Vulnerabilities}}},
  shorttitle = {\{\vphantom\}{{KOOBE}}\vphantom\{\}},
  author = {Chen, Weiteng and Zou, Xiaochen and Li, Guoren and Qian, Zhiyun},
  date = {2020},
  pages = {1093--1110},
  eventtitle = {29th {{USENIX Security Symposium}} ({{USENIX Security}} 20)}
}

@inproceedings{chen2020savior,
  title = {{{SAVIOR}}: {{Towards Bug-Driven Hybrid Testing}}},
  shorttitle = {{{SAVIOR}}},
  booktitle = {2020 {{IEEE Symp}}. {{Secur}}. {{Priv}}. {{SP}}},
  author = {Chen, Yaohui and Li, Peng and Xu, Jun and Guo, Shengjian and Zhou, Rundong and Zhang, Yulong and Wei, Tao and Lu, Long},
  date = {2020-05},
  pages = {1580--1596},
  eventtitle = {2020 {{IEEE Symposium}} on {{Security}} and {{Privacy}} ({{SP}})}
}

@inproceedings{chen2021syzgen,
  title = {{{SyzGen}}: {{Automated Generation}} of {{Syscall Specification}} of {{Closed-Source macOS Drivers}}},
  shorttitle = {{{SyzGen}}},
  booktitle = {Proc. 2021 {{ACM SIGSAC Conf}}. {{Comput}}. {{Commun}}. {{Secur}}.},
  author = {Chen, Weiteng and Wang, Yu and Zhang, Zheng and Qian, Zhiyun},
  date = {2021-11-12},
  pages = {749--763},
  publisher = {{ACM}},
  location = {{Virtual Event Republic of Korea}},
  eventtitle = {{{CCS}} '21: 2021 {{ACM SIGSAC Conference}} on {{Computer}} and {{Communications Security}}}
}

@inproceedings{chen2021vscape,
  title = {{{VScape}}: {{Assessing}} and {{Escaping Virtual Call Protections}}},
  shorttitle = {\{\vphantom\}{{VScape}}\vphantom\{\}},
  author = {Chen, Kaixiang and Zhang, Chao and Yin, Tingting and Chen, Xingman and Zhao, Lei},
  date = {2021},
  pages = {1719--1736},
  eventtitle = {30th {{USENIX Security Symposium}} ({{USENIX Security}} 21)}
}

@article{cheng2021exploitation,
  title = {Exploitation {{Techniques}} for {{Data-oriented Attacks}} with {{Existing}} and {{Potential Defense Approaches}}},
  author = {Cheng, Long and Ahmed, Salman and Liljestrand, Hans and Nyman, Thomas and Cai, Haipeng and Jaeger, Trent and Asokan, N. and Yao, Danfeng (Daphne)},
  date = {2021-09-02},
  journaltitle = {ACM Trans. Priv. Secur.},
  volume = {24},
  number = {4},
  pages = {26:1--26:36}
}

@inproceedings{chisnall2017cheri,
  title = {{{CHERI JNI}}: {{Sinking}} the {{Java Security Model}} into the {{C}}},
  shorttitle = {{{CHERI JNI}}},
  booktitle = {Proc. {{Twenty-Second Int}}. {{Conf}}. {{Archit}}. {{Support Program}}. {{Lang}}. {{Oper}}. {{Syst}}.},
  author = {Chisnall, David and Davis, Brooks and Gudka, Khilan and Brazdil, David and Joannou, Alexandre and Woodruff, Jonathan and Markettos, A. Theodore and Maste, J. Edward and Norton, Robert and Son, Stacey and Roe, Michael and Moore, Simon W. and Neumann, Peter G. and Laurie, Ben and Watson, Robert N.M.},
  date = {2017-04-04},
  series = {{{ASPLOS}} '17},
  pages = {569--583},
  publisher = {{Association for Computing Machinery}},
  location = {{New York, NY, USA}}
}

@inproceedings{cho2022vik,
  title = {{{ViK}}: Practical Mitigation of Temporal Memory Safety Violations through Object {{ID}} Inspection},
  shorttitle = {{{ViK}}},
  booktitle = {Proc. 27th {{ACM Int}}. {{Conf}}. {{Archit}}. {{Support Program}}. {{Lang}}. {{Oper}}. {{Syst}}.},
  author = {Cho, Haehyun and Park, Jinbum and Oest, Adam and Bao, Tiffany and Wang, Ruoyu and Shoshitaishvili, Yan and Doup\'e, Adam and Ahn, Gail-Joon},
  date = {2022-02-28},
  series = {{{ASPLOS}} 2022},
  pages = {271--284},
  publisher = {{Association for Computing Machinery}},
  location = {{New York, NY, USA}}
}

@inproceedings{clements2017protecting,
  title = {Protecting {{Bare-Metal Embedded Systems}} with {{Privilege Overlays}}},
  booktitle = {2017 {{IEEE Symp}}. {{Secur}}. {{Priv}}. {{SP}}},
  author = {Clements, Abraham A. and Almakhdhub, Naif Saleh and Saab, Khaled S. and Srivastava, Prashast and Koo, Jinkyu and Bagchi, Saurabh and Payer, Mathias},
  date = {2017-05},
  pages = {289--303},
  eventtitle = {2017 {{IEEE Symposium}} on {{Security}} and {{Privacy}} ({{SP}})}
}

@inproceedings{clements2018aces,
  title = {{{ACES}}: {{Automatic Compartments}} for {{Embedded Systems}}},
  shorttitle = {\{\vphantom\}{{ACES}}\vphantom\{\}},
  author = {Clements, Abraham A. and Almakhdhub, Naif Saleh and Bagchi, Saurabh and Payer, Mathias},
  date = {2018},
  pages = {65--82},
  eventtitle = {27th {{USENIX Security Symposium}} ({{USENIX Security}} 18)}
}

@inproceedings{connor2020pku,
  title = {\{\vphantom\}{{PKU}}\vphantom\{\} {{Pitfalls}}: {{Attacks}} on \{\vphantom\}{{PKU-based}}\vphantom\{\} {{Memory Isolation Systems}}},
  shorttitle = {\{\vphantom\}{{PKU}}\vphantom\{\} {{Pitfalls}}},
  author = {Connor, R. Joseph and McDaniel, Tyler and Smith, Jared M. and Schuchard, Max},
  date = {2020},
  pages = {1409--1426},
  eventtitle = {29th {{USENIX Security Symposium}} ({{USENIX Security}} 20)}
}

@inproceedings{corina2017difuze,
  title = {{{DIFUZE}}: {{Interface Aware Fuzzing}} for {{Kernel Drivers}}},
  shorttitle = {{{DIFUZE}}},
  booktitle = {Proc. 2017 {{ACM SIGSAC Conf}}. {{Comput}}. {{Commun}}. {{Secur}}.},
  author = {Corina, Jake and Machiry, Aravind and Salls, Christopher and Shoshitaishvili, Yan and Hao, Shuang and Kruegel, Christopher and Vigna, Giovanni},
  date = {2017-10-30},
  series = {{{CCS}} '17},
  pages = {2123--2138},
  publisher = {{Association for Computing Machinery}},
  location = {{New York, NY, USA}}
}

@inproceedings{datta2020valve,
  title = {Valve: {{Securing Function Workflows}} on {{Serverless Computing Platforms}}},
  shorttitle = {Valve},
  booktitle = {Proc. {{Web Conf}}. 2020},
  author = {Datta, Pubali and Kumar, Prabuddha and Morris, Tristan and Grace, Michael and Rahmati, Amir and Bates, Adam},
  date = {2020-04-20},
  pages = {939--950},
  publisher = {{ACM}},
  location = {{Taipei Taiwan}},
  eventtitle = {{{WWW}} '20: {{The Web Conference}} 2020}
}

@inproceedings{davi2014hardwareassisted,
  title = {Hardware-Assisted Fine-Grained Control-Flow Integrity: {{Towards}} Efficient Protection of Embedded Systems against Software Exploitation},
  shorttitle = {Hardware-Assisted Fine-Grained Control-Flow Integrity},
  booktitle = {2014 51st {{ACMEDACIEEE Des}}. {{Autom}}. {{Conf}}. {{DAC}}},
  author = {Davi, Lucas and Koeberl, Patrick and Sadeghi, Ahmad-Reza},
  date = {2014-06},
  pages = {1--6},
  eventtitle = {2014 51st {{ACM}}/{{EDAC}}/{{IEEE Design Automation Conference}} ({{DAC}})}
}

@inproceedings{davis2019cheriabi,
  title = {{{CheriABI}}: {{Enforcing Valid Pointer Provenance}} and {{Minimizing Pointer Privilege}} in the {{POSIX C Run-time Environment}}},
  shorttitle = {{{CheriABI}}},
  booktitle = {Proc. {{Twenty-Fourth Int}}. {{Conf}}. {{Archit}}. {{Support Program}}. {{Lang}}. {{Oper}}. {{Syst}}.},
  author = {Davis, Brooks and Watson, Robert N. M. and Richardson, Alexander and Neumann, Peter G. and Moore, Simon W. and Baldwin, John and Chisnall, David and Clarke, Jessica and Filardo, Nathaniel Wesley and Gudka, Khilan and Joannou, Alexandre and Laurie, Ben and Markettos, A. Theodore and Maste, J. Edward and Mazzinghi, Alfredo and Napierala, Edward Tomasz and Norton, Robert M. and Roe, Michael and Sewell, Peter and Son, Stacey and Woodruff, Jonathan},
  date = {2019-04-04},
  series = {{{ASPLOS}} '19},
  pages = {379--393},
  publisher = {{Association for Computing Machinery}},
  location = {{New York, NY, USA}}
}

@inproceedings{daw2021speedo,
  title = {Speedo: {{Fast}} Dispatch and Orchestration of Serverless Workflows},
  shorttitle = {Speedo},
  booktitle = {Proc. {{ACM Symp}}. {{Cloud Comput}}.},
  author = {Daw, Nilanjan and Bellur, Umesh and Kulkarni, Purushottam},
  date = {2021-11-01},
  series = {{{SoCC}} '21},
  pages = {585--599},
  publisher = {{Association for Computing Machinery}},
  location = {{New York, NY, USA}}
}

@inproceedings{devaux2019true,
  title = {The True {{Processing In Memory}} Accelerator},
  shorttitle = {Upmem},
  author = {Devaux, Fabrice},
  date = {2019-08-01},
  pages = {1--24},
  publisher = {{IEEE Computer Society}},
  eventtitle = {2019 {{IEEE Hot Chips}} 31 {{Symposium}} ({{HCS}})}
}

@inproceedings{ding2017efficient,
  title = {Efficient {{Protection}} of \{\vphantom\}{{Path-Sensitive}}\vphantom\{\} {{Control Security}}},
  author = {Ding, Ren and Qian, Chenxiong and Song, Chengyu and Harris, Bill and Kim, Taesoo and Lee, Wenke},
  date = {2017},
  pages = {131--148},
  eventtitle = {26th {{USENIX Security Symposium}} ({{USENIX Security}} 17)}
}

@inproceedings{duck2022hardening,
  title = {Hardening Binaries against More Memory Errors},
  booktitle = {Proc. {{Seventeenth Eur}}. {{Conf}}. {{Comput}}. {{Syst}}.},
  author = {Duck, Gregory J. and Zhang, Yuntong and Yap, Roland H. C.},
  date = {2022-03-28},
  pages = {117--131},
  publisher = {{ACM}},
  location = {{Rennes France}},
  eventtitle = {{{EuroSys}} '22: {{Seventeenth European Conference}} on {{Computer Systems}}}
}

@article{duy2021confidentiala,
  title = {Confidential {{Machine Learning Computation}} in {{Untrusted Environments}}: {{A Systems Security Perspective}}},
  shorttitle = {Confidential {{Machine Learning Computation}} in {{Untrusted Environments}}},
  author = {Duy, Kha Dinh and Noh, Taehyun and Huh, Siwon and Lee, Hojoon},
  date = {2021},
  journaltitle = {IEEE Access},
  volume = {9},
  pages = {168656--168677},
  eventtitle = {{{IEEE Access}}},
  annotation = {2 citations (Semantic Scholar/DOI) [2022-10-31]}
}

@article{duy2022sepim,
  title = {{{SE-PIM}}: {{In-Memory Acceleration}} of {{Data-Intensive Confidential Computing}}},
  shorttitle = {{{SE-PIM}}},
  author = {Duy, Kha Dinh and Lee, Hojoon},
  date = {2022},
  journaltitle = {IEEE Trans. Cloud Comput.},
  pages = {1--18},
  eventtitle = {{{IEEE Transactions}} on {{Cloud Computing}}},
  annotation = {0 citations (Semantic Scholar/DOI) [2022-10-31]}
}

@inproceedings{elkaduwe2008kernel,
  title = {Kernel Design for Isolation and Assurance of Physical Memory},
  booktitle = {Proc. 1st {{Workshop Isol}}. {{Integr}}. {{Embed}}. {{Syst}}.},
  author = {Elkaduwe, Dhammika and Derrin, Philip and Elphinstone, Kevin},
  date = {2008-04-01},
  series = {{{IIES}} '08},
  pages = {35--40},
  publisher = {{Association for Computing Machinery}},
  location = {{New York, NY, USA}},
  annotation = {30 citations (Semantic Scholar/DOI) [2022-10-25]}
}

@incollection{erdos2022minesweeper,
  title = {{{MineSweeper}}: A ``Clean Sweep'' for Drop-in Use-after-Free Prevention},
  shorttitle = {{{MineSweeper}}},
  booktitle = {Proceedings of the 27th {{ACM International Conference}} on {{Architectural Support}} for {{Programming Languages}} and {{Operating Systems}}},
  author = {Erd\H{o}s, M\'arton and Ainsworth, Sam and Jones, Timothy M.},
  date = {2022-02-28},
  pages = {212--225},
  publisher = {{Association for Computing Machinery}},
  location = {{New York, NY, USA}}
}

@incollection{erlingsson2010lowlevel,
  title = {Low-{{Level Software Security}} by {{Example}}},
  booktitle = {Handbook of {{Information}} and {{Communication Security}}},
  author = {Erlingsson, \'Ulfar and Younan, Yves and Piessens, Frank},
  editor = {Stavroulakis, Peter and Stamp, Mark},
  date = {2010},
  pages = {633--658},
  publisher = {{Springer Berlin Heidelberg}},
  location = {{Berlin, Heidelberg}}
}

@article{esswoodcherios,
  title = {{{CheriOS}}: {{Designing}} an Untrusted Single-Address-Space Capability Operating System Utilising Capability Hardware and a Minimal Hypervisor},
  author = {Esswood, Lawrence G},
  pages = {201}
}

@inproceedings{evans2015control,
  title = {Control {{Jujutsu}}: {{On}} the {{Weaknesses}} of {{Fine-Grained Control Flow Integrity}}},
  shorttitle = {Control {{Jujutsu}}},
  booktitle = {Proc. 22nd {{ACM SIGSAC Conf}}. {{Comput}}. {{Commun}}. {{Secur}}.},
  author = {Evans, Isaac and Long, Fan and Otgonbaatar, Ulziibayar and Shrobe, Howard and Rinard, Martin and Okhravi, Hamed and Sidiroglou-Douskos, Stelios},
  date = {2015-10-12},
  pages = {901--913},
  publisher = {{ACM}},
  location = {{Denver Colorado USA}},
  eventtitle = {{{CCS}}'15: {{The}} 22nd {{ACM Conference}} on {{Computer}} and {{Communications Security}}}
}

@inproceedings{evans2015missing,
  title = {Missing the {{Point}}(Er): {{On}} the {{Effectiveness}} of {{Code Pointer Integrity}}},
  shorttitle = {Missing the {{Point}}(Er)},
  booktitle = {2015 {{IEEE Symp}}. {{Secur}}. {{Priv}}.},
  author = {Evans, Isaac and Fingeret, Sam and Gonzalez, Julian and Otgonbaatar, Ulziibayar and Tang, Tiffany and Shrobe, Howard and Sidiroglou-Douskos, Stelios and Rinard, Martin and Okhravi, Hamed},
  date = {2015-05},
  pages = {781--796},
  eventtitle = {2015 {{IEEE Symposium}} on {{Security}} and {{Privacy}}},
  annotation = {159 citations (Semantic Scholar/DOI) [2022-10-24]}
}

@inproceedings{evans2020rust,
  title = {Is {{Rust Used Safely}} by {{Software Developers}}?},
  booktitle = {2020 {{IEEEACM}} 42nd {{Int}}. {{Conf}}. {{Softw}}. {{Eng}}. {{ICSE}}},
  author = {Evans, Ana Nora and Campbell, Bradford and Soffa, Mary Lou},
  date = {2020-10},
  pages = {246--257},
  eventtitle = {2020 {{IEEE}}/{{ACM}} 42nd {{International Conference}} on {{Software Engineering}} ({{ICSE}})}
}

@inproceedings{fan2019smoke,
  title = {{{SMOKE}}: {{Scalable Path-Sensitive Memory Leak Detection}} for {{Millions}} of {{Lines}} of {{Code}}},
  shorttitle = {{{SMOKE}}},
  booktitle = {2019 {{IEEEACM}} 41st {{Int}}. {{Conf}}. {{Softw}}. {{Eng}}. {{ICSE}}},
  author = {Fan, Gang and Wu, Rongxin and Shi, Qingkai and Xiao, Xiao and Zhou, Jinguo and Zhang, Charles},
  date = {2019-05},
  pages = {72--82},
  eventtitle = {2019 {{IEEE}}/{{ACM}} 41st {{International Conference}} on {{Software Engineering}} ({{ICSE}})},
  annotation = {26 citations (Semantic Scholar/DOI) [2022-09-05]}
}

@inproceedings{farkhani2021ptauth,
  title = {{{PTAuth}}: {{Temporal Memory Safety}} via {{Robust Points-to Authentication}}},
  shorttitle = {\{\vphantom\}{{PTAuth}}\vphantom\{\}},
  author = {Farkhani, Reza Mirzazade and Ahmadi, Mansour and Lu, Long},
  date = {2021},
  pages = {1037--1054},
  eventtitle = {30th {{USENIX Security Symposium}} ({{USENIX Security}} 21)}
}

@inproceedings{frassetto2022cfinsight,
  title = {{{CFInsight}}: {{A Comprehensive Metric}} for {{CFI Policies}}},
  shorttitle = {{{CFInsight}}},
  booktitle = {Proc. 2022 {{Netw}}. {{Distrib}}. {{Syst}}. {{Secur}}. {{Symp}}.},
  author = {Frassetto, Tommaso and Jauernig, Patrick and Koisser, David and Sadeghi, Ahmad-Reza},
  date = {2022},
  publisher = {{Internet Society}},
  location = {{San Diego, CA, USA}},
  eventtitle = {Network and {{Distributed System Security Symposium}}},
  annotation = {0 citations (Semantic Scholar/DOI) [2022-08-22]}
}

@inproceedings{fu2021cpscan,
  title = {{{CPscan}}: {{Detecting Bugs Caused}} by {{Code Pruning}} in {{IoT Kernels}}},
  shorttitle = {{{CPscan}}},
  booktitle = {Proc. 2021 {{ACM SIGSAC Conf}}. {{Comput}}. {{Commun}}. {{Secur}}.},
  author = {Fu, Lirong and Ji, Shouling and Lu, Kangjie and Liu, Peiyu and Zhang, Xuhong and Duan, Yuxuan and Zhang, Zihui and Chen, Wenzhi and Wu, Yanjun},
  date = {2021-11-12},
  series = {{{CCS}} '21},
  pages = {794--810},
  publisher = {{Association for Computing Machinery}},
  location = {{New York, NY, USA}},
  annotation = {0 citations (Semantic Scholar/DOI) [2022-08-22]}
}

@inproceedings{gadepalli2020sledge,
  title = {Sledge: A {{Serverless-first}}, {{Light-weight Wasm Runtime}} for the {{Edge}}},
  shorttitle = {Sledge},
  booktitle = {Proc. 21st {{Int}}. {{Middlew}}. {{Conf}}.},
  author = {Gadepalli, Phani Kishore and McBride, Sean and Peach, Gregor and Cherkasova, Ludmila and Parmer, Gabriel},
  date = {2020-12-07},
  series = {Middleware '20},
  pages = {265--279},
  publisher = {{Association for Computing Machinery}},
  location = {{New York, NY, USA}},
  annotation = {16 citations (Semantic Scholar/DOI) [2022-08-22]}
}

@book{garfinkel1994unixhaters,
  title = {The {{UNIX-haters}} Handbook},
  editor = {Garfinkel, Simson and Weise, Daniel and Strassmann, Steven},
  date = {1994},
  publisher = {{IDG Books}},
  location = {{San Mateo, CA}},
  pagetotal = {329}
}

@inproceedings{ge2016finegrained,
  title = {Fine-{{Grained Control-Flow Integrity}} for {{Kernel Software}}},
  booktitle = {2016 {{IEEE Eur}}. {{Symp}}. {{Secur}}. {{Priv}}. {{EuroSP}}},
  author = {Ge, Xinyang and Talele, Nirupama and Payer, Mathias and Jaeger, Trent},
  date = {2016-03},
  pages = {179--194},
  eventtitle = {2016 {{IEEE European Symposium}} on {{Security}} and {{Privacy}} ({{EuroS}}\&{{P}})},
  annotation = {78 citations (Semantic Scholar/DOI) [2022-08-22]}
}

@inproceedings{gershuni2019simple,
  title = {Simple and Precise Static Analysis of Untrusted {{Linux}} Kernel Extensions},
  booktitle = {Proc. 40th {{ACM SIGPLAN Conf}}. {{Program}}. {{Lang}}. {{Des}}. {{Implement}}.},
  author = {Gershuni, Elazar and Amit, Nadav and Gurfinkel, Arie and Narodytska, Nina and Navas, Jorge A. and Rinetzky, Noam and Ryzhyk, Leonid and Sagiv, Mooly},
  date = {2019-06-08},
  series = {{{PLDI}} 2019},
  pages = {1069--1084},
  publisher = {{Association for Computing Machinery}},
  location = {{New York, NY, USA}},
  annotation = {31 citations (Semantic Scholar/DOI) [2022-08-22]}
}

@inproceedings{ghavamnia2020confine,
  title = {Confine: {{Automated System Call Policy Generation}} for {{Container Attack Surface Reduction}}},
  shorttitle = {Confine},
  author = {Ghavamnia, Seyedhamed and Palit, Tapti and Benameur, Azzedine and Polychronakis, Michalis},
  date = {2020},
  pages = {443--458},
  eventtitle = {23rd {{International Symposium}} on {{Research}} in {{Attacks}}, {{Intrusions}} and {{Defenses}} ({{RAID}} 2020)}
}

@inproceedings{ghavamnia2020temporal,
  title = {Temporal {{System Call Specialization}} for {{Attack Surface Reduction}}},
  author = {Ghavamnia, Seyedhamed and Palit, Tapti and Mishra, Shachee and Polychronakis, Michalis},
  date = {2020},
  pages = {1749--1766},
  eventtitle = {29th {{USENIX Security Symposium}} ({{USENIX Security}} 20)}
}

@inproceedings{ghosn2021enclosure,
  title = {Enclosure: Language-Based Restriction of Untrusted Libraries},
  shorttitle = {Enclosure},
  booktitle = {Proc. 26th {{ACM Int}}. {{Conf}}. {{Archit}}. {{Support Program}}. {{Lang}}. {{Oper}}. {{Syst}}.},
  author = {Ghosn, Adrien and Kogias, Marios and Payer, Mathias and Larus, James R. and Bugnion, Edouard},
  date = {2021-04-17},
  series = {{{ASPLOS}} '21},
  pages = {255--267},
  publisher = {{Association for Computing Machinery}},
  location = {{New York, NY, USA}},
  annotation = {8 citations (Semantic Scholar/DOI) [2022-10-28]}
}

@inproceedings{gil2018there,
  title = {There's a {{Hole}} in the {{Bottom}} of the {{C}}: {{On}} the {{Effectiveness}} of {{Allocation Protection}}},
  shorttitle = {There's a {{Hole}} in the {{Bottom}} of the {{C}}},
  booktitle = {2018 {{IEEE Cybersecurity Dev}}. {{SecDev}}},
  author = {Gil, Ronald and Okhravi, Hamed and Shrobe, Howard},
  date = {2018-09},
  pages = {102--109},
  eventtitle = {2018 {{IEEE Cybersecurity Development}} ({{SecDev}})},
  annotation = {12 citations (Semantic Scholar/DOI) [2022-08-22]}
}

@inproceedings{goktas2014out,
  title = {Out of {{Control}}: {{Overcoming Control-Flow Integrity}}},
  shorttitle = {Out of {{Control}}},
  booktitle = {2014 {{IEEE Symp}}. {{Secur}}. {{Priv}}.},
  author = {G\"oktas, Enes and Athanasopoulos, Elias and Bos, Herbert and Portokalidis, Georgios},
  date = {2014-05},
  pages = {575--589},
  eventtitle = {2014 {{IEEE Symposium}} on {{Security}} and {{Privacy}}},
  annotation = {379 citations (Semantic Scholar/DOI) [2022-10-26]}
}

@inproceedings{gomez-luna2021benchmarking,
  title = {Benchmarking {{Memory-Centric Computing Systems}}: {{Analysis}} of {{Real Processing-In-Memory Hardware}}},
  shorttitle = {Benchmarking {{Memory-Centric Computing Systems}}},
  booktitle = {2021 12th {{Int}}. {{Green Sustain}}. {{Comput}}. {{Conf}}. {{IGSC}}},
  author = {G\'omez-Luna, Juan and El Hajj, Izzat and Fernandez, Ivan and Giannoula, Christina and Oliveira, Geraldo F. and Mutlu, Onur},
  date = {2021-10},
  pages = {1--7},
  eventtitle = {2021 12th {{International Green}} and {{Sustainable Computing Conference}} ({{IGSC}})},
  annotation = {16 citations (Semantic Scholar/DOI) [2022-08-22]}
}

@misc{gomez-luna2022benchmarking,
  title = {Benchmarking a {{New Paradigm}}: {{An Experimental Analysis}} of a {{Real Processing-in-Memory Architecture}}},
  shorttitle = {Benchmarking a {{New Paradigm}}},
  author = {G\'omez-Luna, Juan and Hajj, Izzat El and Fernandez, Ivan and Giannoula, Christina and Oliveira, Geraldo F. and Mutlu, Onur},
  date = {2022-05-04},
  number = {arXiv:2105.03814},
  eprint = {2105.03814},
  eprinttype = {arxiv},
  primaryclass = {cs},
  publisher = {{arXiv}},
  archiveprefix = {arXiv},
  annotation = {24 citations (Semantic Scholar/arXiv) [2022-08-22]}
}

@inproceedings{grubbs2020pancake,
  title = {Pancake: {{Frequency Smoothing}} for {{Encrypted Data Stores}}},
  shorttitle = {Pancake},
  author = {Grubbs, Paul and Khandelwal, Anurag and Lacharit\'e, Marie-Sarah and Brown, Lloyd and Li, Lucy and Agarwal, Rachit and Ristenpart, Thomas},
  date = {2020},
  pages = {2451--2468},
  eventtitle = {29th {{USENIX Security Symposium}} ({{USENIX Security}} 20)}
}

@inproceedings{gruss2015cache,
  title = {Cache {{Template Attacks}}: {{Automating Attacks}} on {{Inclusive}} \{\vphantom\}{{Last-Level}}\vphantom\{\} {{Caches}}},
  shorttitle = {Cache {{Template Attacks}}},
  author = {Gruss, Daniel and Spreitzer, Raphael and Mangard, Stefan},
  date = {2015},
  pages = {897--912},
  eventtitle = {24th {{USENIX Security Symposium}} ({{USENIX Security}} 15)}
}

@inproceedings{gu2020harmonizing,
  title = {Harmonizing {{Performance}} and {{Isolation}} in {{Microkernels}} with {{Efficient Intra-kernel Isolation}} and {{Communication}}},
  author = {Gu, Jinyu and Wu, Xinyue and Li, Wentai and Liu, Nian and Mi, Zeyu and Xia, Yubin and Chen, Haibo},
  date = {2020},
  pages = {401--417},
  eventtitle = {2020 {{USENIX Annual Technical Conference}} ({{USENIX ATC}} 20)}
}

@inproceedings{gudka2015clean,
  title = {Clean {{Application Compartmentalization}} with {{SOAAP}}},
  booktitle = {Proc. 22nd {{ACM SIGSAC Conf}}. {{Comput}}. {{Commun}}. {{Secur}}.},
  author = {Gudka, Khilan and Watson, Robert N.M. and Anderson, Jonathan and Chisnall, David and Davis, Brooks and Laurie, Ben and Marinos, Ilias and Neumann, Peter G. and Richardson, Alex},
  date = {2015-10-12},
  series = {{{CCS}} '15},
  pages = {1016--1031},
  publisher = {{Association for Computing Machinery}},
  location = {{New York, NY, USA}},
  annotation = {59 citations (Semantic Scholar/DOI) [2022-08-22]}
}

@inproceedings{guo2022adversarial,
  title = {Adversarial {{Prefetch}}: {{New Cross-Core Cache Side Channel Attacks}}},
  shorttitle = {Adversarial {{Prefetch}}},
  author = {Guo, Yanan and Zigerelli, Andrew and Zhang, Youtao and Yang, Jun},
  date = {2022-04-20},
  pages = {1550--1550},
  publisher = {{IEEE Computer Society}},
  eventtitle = {2022 {{IEEE Symposium}} on {{Security}} and {{Privacy}} ({{SP}})}
}

@article{haasbringing,
  title = {Bringing the {{Web}} up to {{Speed}} with {{WebAssembly}}},
  author = {Haas, Andreas and Rossberg, Andreas and Schuff, Derek L and Titzer, Ben L and Holman, Michael and Gohman, Dan and Wagner, Luke and Zakai, Alon and Bastien, JF},
  pages = {16}
}

@inproceedings{hardin2018application,
  title = {Application {{Memory Isolation}} on {{Ultra-Low-Power MCUs}}},
  author = {Hardin, Taylor and Scott, Ryan and Proctor, Patrick and Hester, Josiah and Sorber, Jacob and Kotz, David},
  date = {2018},
  pages = {127--132},
  eventtitle = {2018 {{USENIX Annual Technical Conference}} ({{USENIX ATC}} 18)}
}

@article{hasan2022decap,
  title = {Decap: {{Deprivileging Programs}} by {{Reducing Their Capabilities}}},
  author = {Hasan, Mehedi},
  date = {2022},
  pages = {14}
}

@inproceedings{he2022freewill,
  title = {{{FreeWill}}: {{Automatically Diagnosing Use-after-free Bugs}} via {{Reference Miscounting Detection}} on {{Binaries}}},
  shorttitle = {\{\vphantom\}{{FreeWill}}\vphantom\{\}},
  author = {He, Liang},
  date = {2022},
  eventtitle = {31st {{USENIX Security Symposium}} ({{USENIX Security}} 22)}
}

@inproceedings{hedayati2019hodor,
  title = {Hodor: {{Intra-Process Isolation}} for {{High-Throughput Data Plane Libraries}}},
  shorttitle = {Hodor},
  author = {Hedayati, Mohammad and Gravani, Spyridoula and Johnson, Ethan and Criswell, John and Scott, Michael L. and Shen, Kai and Marty, Mike},
  date = {2019},
  pages = {489--504},
  eventtitle = {2019 {{USENIX Annual Technical Conference}} ({{USENIX ATC}} 19)}
}

@article{hedayatihodor,
  title = {Hodor: {{Intra-Process Isolation}} for {{High-Throughput Data Plane Libraries}}},
  author = {Hedayati, Mohammad and Criswell, John and Gravani, Spyridoula and Scott, Michael L and Johnson, Ethan and Shen, Kai and Marty, Mike},
  pages = {16}
}

@inproceedings{hester2016amulet,
  title = {Amulet: {{An Energy-Efficient}}, {{Multi-Application Wearable Platform}}},
  shorttitle = {Amulet},
  booktitle = {Proc. 14th {{ACM Conf}}. {{Embed}}. {{Netw}}. {{Sens}}. {{Syst}}. {{CD-ROM}}},
  author = {Hester, Josiah and Peters, Travis and Yun, Tianlong and Peterson, Ronald and Skinner, Joseph and Golla, Bhargav and Storer, Kevin and Hearndon, Steven and Freeman, Kevin and Lord, Sarah and Halter, Ryan and Kotz, David and Sorber, Jacob},
  date = {2016-11-14},
  series = {{{SenSys}} '16},
  pages = {216--229},
  publisher = {{Association for Computing Machinery}},
  location = {{New York, NY, USA}},
  annotation = {4 citations (Semantic Scholar/DOI) [2022-08-22]}
}

@inproceedings{hof2022blackbox,
  title = {{{BlackBox}}: {{A Container Security Monitor}} for {{Protecting Containers}} on {{Untrusted Operating Systems}}},
  shorttitle = {\{\vphantom\}{{BlackBox}}\vphantom\{\}},
  author = {Hof, Alexander Van't and Nieh, Jason},
  date = {2022},
  pages = {683--700},
  eventtitle = {16th {{USENIX Symposium}} on {{Operating Systems Design}} and {{Implementation}} ({{OSDI}} 22)}
}

@misc{hohentanner2022pacsafe,
  title = {{{PACSafe}}: {{Leveraging ARM Pointer Authentication}} for {{Memory Safety}} in {{C}}/{{C}}++},
  shorttitle = {{{PACSafe}}},
  author = {Hohentanner, Konrad and Zieris, Philipp and Horsch, Julian},
  date = {2022-02-17},
  number = {arXiv:2202.08669},
  eprint = {2202.08669},
  eprinttype = {arxiv},
  primaryclass = {cs},
  publisher = {{arXiv}},
  archiveprefix = {arXiv},
  annotation = {0 citations (Semantic Scholar/arXiv) [2022-08-22]}
}

@inproceedings{hong2020saver,
  title = {{{SAVER}}: Scalable, Precise, and Safe Memory-Error Repair},
  shorttitle = {{{SAVER}}},
  booktitle = {Proc. {{ACMIEEE}} 42nd {{Int}}. {{Conf}}. {{Softw}}. {{Eng}}.},
  author = {Hong, Seongjoon and Lee, Junhee and Lee, Jeongsoo and Oh, Hakjoo},
  date = {2020-06-27},
  pages = {271--283},
  publisher = {{ACM}},
  location = {{Seoul South Korea}},
  eventtitle = {{{ICSE}} '20: 42nd {{International Conference}} on {{Software Engineering}}},
  annotation = {1 citations (Semantic Scholar/DOI) [2022-08-22]}
}

@inproceedings{hsu2016enforcing,
  title = {Enforcing {{Least Privilege Memory Views}} for {{Multithreaded Applications}}},
  booktitle = {Proc. 2016 {{ACM SIGSAC Conf}}. {{Comput}}. {{Commun}}. {{Secur}}.},
  author = {Hsu, Terry Ching-Hsiang and Hoffman, Kevin and Eugster, Patrick and Payer, Mathias},
  date = {2016-10-24},
  series = {{{CCS}} '16},
  pages = {393--405},
  publisher = {{Association for Computing Machinery}},
  location = {{New York, NY, USA}},
  annotation = {45 citations (Semantic Scholar/DOI) [2022-08-22]}
}

@inproceedings{hu2016dataoriented,
  title = {Data-{{Oriented Programming}}: {{On}} the {{Expressiveness}} of {{Non-control Data Attacks}}},
  shorttitle = {Data-{{Oriented Programming}}},
  booktitle = {2016 {{IEEE Symp}}. {{Secur}}. {{Priv}}. {{SP}}},
  author = {Hu, Hong and Shinde, Shweta and Adrian, Sendroiu and Chua, Zheng Leong and Saxena, Prateek and Liang, Zhenkai},
  date = {2016-05},
  pages = {969--986},
  eventtitle = {2016 {{IEEE Symposium}} on {{Security}} and {{Privacy}} ({{SP}})},
  annotation = {257 citations (Semantic Scholar/DOI) [2022-08-22]}
}

@inproceedings{hu2018enforcing,
  title = {Enforcing {{Unique Code Target Property}} for {{Control-Flow Integrity}}},
  booktitle = {Proc. 2018 {{ACM SIGSAC Conf}}. {{Comput}}. {{Commun}}. {{Secur}}.},
  author = {Hu, Hong and Qian, Chenxiong and Yagemann, Carter and Chung, Simon Pak Ho and Harris, William R. and Kim, Taesoo and Lee, Wenke},
  date = {2018-10-15},
  series = {{{CCS}} '18},
  pages = {1470--1486},
  publisher = {{Association for Computing Machinery}},
  location = {{New York, NY, USA}},
  annotation = {77 citations (Semantic Scholar/DOI) [2022-08-22]}
}

@inproceedings{huang2021beacon,
  title = {{{BEACON}} : {{Directed Grey-Box Fuzzing}} with {{Provable Path Pruning}}},
  shorttitle = {{{BEACON}}},
  author = {Huang, Heqing and Guo, Yiyuan and Shi, Qingkai and Yao, Peisen and Wu, Rongxin and Zhang, Charles},
  date = {2021-09-09},
  pages = {104--118},
  publisher = {{IEEE Computer Society}},
  eventtitle = {2022 {{IEEE Symposium}} on {{Security}} and {{Privacy}} ({{SP}})}
}

@inproceedings{huang2022beacon,
  title = {{{BEACON}}: {{Directed Grey-Box Fuzzing}} with {{Provable Path Pruning}}},
  shorttitle = {{{BEACON}}},
  booktitle = {2022 {{IEEE Symp}}. {{Secur}}. {{Priv}}. {{SP}}},
  author = {Huang, Heqing and Guo, Yiyuan and Shi, Qingkai and Yao, Peisen and Wu, Rongxin and Zhang, Charles},
  date = {2022-05},
  pages = {36--50},
  eventtitle = {2022 {{IEEE Symposium}} on {{Security}} and {{Privacy}} ({{SP}})},
  annotation = {3 citations (Semantic Scholar/DOI) [2022-08-29]}
}

@inproceedings{huang2022ksplit,
  title = {{{KSplit}}: {{Automating Device Driver Isolation}}},
  shorttitle = {\{\vphantom\}{{KSplit}}\vphantom\{\}},
  author = {Huang, Yongzhe and Narayanan, Vikram and Detweiler, David and Huang, Kaiming and Tan, Gang and Jaeger, Trent and Burtsev, Anton},
  date = {2022},
  pages = {613--631},
  eventtitle = {16th {{USENIX Symposium}} on {{Operating Systems Design}} and {{Implementation}} ({{OSDI}} 22)}
}

@inproceedings{huang2022taming,
  title = {The {{Taming}} of the {{Stack}}: {{Isolating Stack Data}} from {{Memory Errors}}},
  shorttitle = {The {{Taming}} of the {{Stack}}},
  booktitle = {Proc. 2022 {{Netw}}. {{Distrib}}. {{Syst}}. {{Secur}}. {{Symp}}.},
  author = {Huang, Kaiming and Huang, Yongzhe and Payer, Mathias and Qian, Zhiyun and Sampson, Jack and Tan, Gang and Jaeger, Trent},
  date = {2022},
  publisher = {{Internet Society}},
  location = {{San Diego, CA, USA}},
  eventtitle = {Network and {{Distributed System Security Symposium}}},
  annotation = {1 citations (Semantic Scholar/DOI) [2022-08-22]}
}

@article{huangbeacon,
  title = {{{BEACON}} : {{Directed Grey-Box Fuzzing}} with {{Provable Path Pruning}}},
  author = {Huang, Heqing and Guo, Yiyuan and Shi, Qingkai and Yao, Peisen and Wu, Rongxin and Zhang, Charles},
  pages = {15}
}

@inproceedings{ibnziad2021zero,
  title = {{{ZeR\O}}: {{Zero-Overhead Resilient Operation Under Pointer Integrity Attacks}}},
  shorttitle = {{{ZeR\O}}},
  booktitle = {2021 {{ACMIEEE}} 48th {{Annu}}. {{Int}}. {{Symp}}. {{Comput}}. {{Archit}}. {{ISCA}}},
  author = {Ibn Ziad, Mohamed Tarek and Arroyo, Miguel A. and Manzhosov, Evgeny and Sethumadhavan, Simha},
  date = {2021-06},
  pages = {999--1012},
  eventtitle = {2021 {{ACM}}/{{IEEE}} 48th {{Annual International Symposium}} on {{Computer Architecture}} ({{ISCA}})},
  annotation = {5 citations (Semantic Scholar/DOI) [2022-08-22]}
}

@inproceedings{ismail2021vip,
  title = {{{VIP}}: {{Safeguard Value Invariant Property}} for {{Thwarting Critical Memory Corruption Attacks}}},
  shorttitle = {{{VIP}}},
  booktitle = {Proc. 2021 {{ACM SIGSAC Conf}}. {{Comput}}. {{Commun}}. {{Secur}}.},
  author = {Ismail, Mohannad and Yom, Jinwoo and Jelesnianski, Christopher and Jang, Yeongjin and Min, Changwoo},
  date = {2021-11-12},
  pages = {1612--1626},
  publisher = {{ACM}},
  location = {{Virtual Event Republic of Korea}},
  eventtitle = {{{CCS}} '21: 2021 {{ACM SIGSAC Conference}} on {{Computer}} and {{Communications Security}}},
  annotation = {1 citations (Semantic Scholar/DOI) [2022-08-22]}
}

@article{ismail2022tightly,
  title = {Tightly {{Seal Your Sensitive Pointers}} with {{PACTIGHT}}},
  author = {Ismail, Mohannad and Quach, Andrew and Jelesnianski, Christopher and Jang, Yeongjin and Min, Changwoo and Tech, Virginia},
  date = {2022},
  pages = {18}
}

@article{jero2022tag,
  title = {{{TAG}}: {{Tagged Architecture Guide}}},
  shorttitle = {{{TAG}}},
  author = {Jero, Samuel and Burow, Nathan and Ward, Bryan and Skowyra, Richard and Khazan, Roger and Shrobe, Howard and Okhravi, Hamed},
  date = {2022-05-11},
  journaltitle = {ACM Comput. Surv.},
  pages = {3533704},
  annotation = {0 citations (Semantic Scholar/DOI) [2022-08-22]}
}

@inproceedings{jia2021boki,
  title = {Boki: {{Stateful Serverless Computing}} with {{Shared Logs}}},
  shorttitle = {Boki},
  booktitle = {Proc. {{ACM SIGOPS}} 28th {{Symp}}. {{Oper}}. {{Syst}}. {{Princ}}.},
  author = {Jia, Zhipeng and Witchel, Emmett},
  date = {2021-10-26},
  series = {{{SOSP}} '21},
  pages = {691--707},
  publisher = {{Association for Computing Machinery}},
  location = {{New York, NY, USA}},
  annotation = {1 citations (Semantic Scholar/DOI) [2022-08-22]}
}

@inproceedings{jia2021nightcore,
  title = {Nightcore: Efficient and Scalable Serverless Computing for Latency-Sensitive, Interactive Microservices},
  shorttitle = {Nightcore},
  booktitle = {Proc. 26th {{ACM Int}}. {{Conf}}. {{Archit}}. {{Support Program}}. {{Lang}}. {{Oper}}. {{Syst}}.},
  author = {Jia, Zhipeng and Witchel, Emmett},
  date = {2021-04-19},
  series = {{{ASPLOS}} 2021},
  pages = {152--166},
  publisher = {{Association for Computing Machinery}},
  location = {{New York, NY, USA}},
  annotation = {35 citations (Semantic Scholar/DOI) [2022-08-22]}
}

@inproceedings{jin2021annotating,
  title = {Annotating, {{Tracking}}, and {{Protecting Cryptographic Secrets}} with {{CryptoMPK}}},
  shorttitle = {Cryptompk},
  author = {Jin, Xuancheng and Xiao, Xuangan and Jia, Songlin and Gao, Wang and Zhang, Hang and Gu, Dawu and Ma, Siqi and Qian, Zhiyun and Li, Juanru},
  date = {2021-09-09},
  pages = {473--488},
  publisher = {{IEEE Computer Society}},
  eventtitle = {2022 {{IEEE Symposium}} on {{Security}} and {{Privacy}} ({{SP}})}
}

@inproceedings{jin2021lessons,
  title = {Lessons Learned from Migrating Complex Stateful Applications onto Serverless Platforms},
  booktitle = {Proc. 12th {{ACM SIGOPS Asia-Pac}}. {{Workshop Syst}}.},
  author = {Jin, Zewen and Zhu, Yiming and Zhu, Jiaan and Yu, Dongbo and Li, Cheng and Chen, Ruichuan and Akkus, Istemi Ekin and Xu, Yinlong},
  date = {2021-08-24},
  series = {{{APSys}} '21},
  pages = {89--96},
  publisher = {{Association for Computing Machinery}},
  location = {{New York, NY, USA}},
  annotation = {2 citations (Semantic Scholar/DOI) [2022-08-22]}
}

@inproceedings{jing2022operating,
  title = {Operating {{System Support}} for {{Safe}} and {{Efficient Auxiliary Execution}}},
  author = {Jing, Yuzhuo and Huang, Peng},
  date = {2022},
  pages = {633--648},
  eventtitle = {16th {{USENIX Symposium}} on {{Operating Systems Design}} and {{Implementation}} ({{OSDI}} 22)}
}

@article{jung2017rustbelt,
  title = {{{RustBelt}}: Securing the Foundations of the {{Rust}} Programming Language},
  shorttitle = {{{RustBelt}}},
  author = {Jung, Ralf and Jourdan, Jacques-Henri and Krebbers, Robbert and Dreyer, Derek},
  date = {2017-12-27},
  journaltitle = {Proc. ACM Program. Lang.},
  volume = {2},
  pages = {66:1--66:34},
  issue = {POPL},
  annotation = {200 citations (Semantic Scholar/DOI) [2022-10-26]}
}

@article{jungunderstanding,
  title = {Understanding and Evolving the Rust Programming Language},
  author = {Jung, Ralf},
  pages = {297}
}

@article{keshav2007how,
  title = {How to Read a Paper},
  author = {Keshav, S.},
  date = {2007-07-20},
  journaltitle = {SIGCOMM Comput. Commun. Rev.},
  volume = {37},
  number = {3},
  pages = {83--84},
  annotation = {36 citations (Semantic Scholar/DOI) [2022-08-22]}
}

@inproceedings{khandaker2019adaptive,
  title = {Adaptive {{Call-Site Sensitive Control Flow Integrity}}},
  booktitle = {2019 {{IEEE Eur}}. {{Symp}}. {{Secur}}. {{Priv}}. {{EuroSP}}},
  author = {Khandaker, Mustakimur and Naser, Abu and Liu, Wenqing and Wang, Zhi and Zhou, Yajin and Cheng, Yueqiang},
  date = {2019-06},
  pages = {95--110},
  eventtitle = {2019 {{IEEE European Symposium}} on {{Security}} and {{Privacy}} ({{EuroS}}\&{{P}})},
  annotation = {13 citations (Semantic Scholar/DOI) [2022-10-25]}
}

@inproceedings{khandaker2019originsensitive,
  title = {Origin-Sensitive {{Control Flow Integrity}}},
  author = {Khandaker, Mustakimur Rahman and Liu, Wenqing and Naser, Abu and Wang, Zhi and Yang, Jie},
  date = {2019},
  pages = {195--211},
  eventtitle = {28th {{USENIX Security Symposium}} ({{USENIX Security}} 19)}
}

@inproceedings{kilpatrick2003privman,
  title = {Privman: {{A Library}} for {{Partitioning Applications}}},
  shorttitle = {Privman},
  author = {Kilpatrick, Douglas},
  date = {2003},
  eventtitle = {2003 {{USENIX Annual Technical Conference}} ({{USENIX ATC}} 03)}
}

@inproceedings{kim2018securing,
  title = {Securing {{Real-Time Microcontroller Systems}} through {{Customized Memory View Switching}}},
  booktitle = {Proc. 2018 {{Netw}}. {{Distrib}}. {{Syst}}. {{Secur}}. {{Symp}}.},
  author = {Kim, Chung Hwan and Kim, Taegyu and Choi, Hongjun and Gu, Zhongshu and Lee, Byoungyoung and Zhang, Xiangyu and Xu, Dongyan},
  date = {2018},
  publisher = {{Internet Society}},
  location = {{San Diego, CA}},
  eventtitle = {Network and {{Distributed System Security Symposium}}},
  annotation = {64 citations (Semantic Scholar/DOI) [2022-08-22]}
}

@inproceedings{kim2020hardwarebased,
  title = {Hardware-Based {{Always-On Heap Memory Safety}}},
  shorttitle = {{{AOS}}},
  booktitle = {2020 53rd {{Annu}}. {{IEEEACM Int}}. {{Symp}}. {{Microarchitecture MICRO}}},
  author = {Kim, Yonghae and Lee, Jaekyu and Kim, Hyesoon},
  date = {2020-10},
  pages = {1153--1166},
  eventtitle = {2020 53rd {{Annual IEEE}}/{{ACM International Symposium}} on {{Microarchitecture}} ({{MICRO}})},
  annotation = {11 citations (Semantic Scholar/DOI) [2022-08-22]}
}

@inproceedings{kim2021refining,
  title = {Refining {{Indirect Call Targets}} at the {{Binary Level}}},
  booktitle = {Proc. 2021 {{Netw}}. {{Distrib}}. {{Syst}}. {{Secur}}. {{Symp}}.},
  author = {Kim, Sun Hyoung and Sun, Cong and Zeng, Dongrui and Tan, Gang},
  date = {2021},
  publisher = {{Internet Society}},
  location = {{Virtual}},
  eventtitle = {Network and {{Distributed System Security Symposium}}},
  annotation = {9 citations (Semantic Scholar/DOI) [2022-08-22]}
}

@inproceedings{kirth2022pkrusafe,
  title = {{{PKRU-safe}}: Automatically Locking down the Heap between Safe and Unsafe Languages},
  shorttitle = {{{PKRU-safe}}},
  booktitle = {Proc. {{Seventeenth Eur}}. {{Conf}}. {{Comput}}. {{Syst}}.},
  author = {Kirth, Paul and Dickerson, Mitchel and Crane, Stephen and Larsen, Per and Dabrowski, Adrian and Gens, David and Na, Yeoul and Volckaert, Stijn and Franz, Michael},
  date = {2022-03-28},
  series = {{{EuroSys}} '22},
  pages = {132--148},
  publisher = {{Association for Computing Machinery}},
  location = {{New York, NY, USA}},
  annotation = {3 citations (Semantic Scholar/DOI) [2022-08-22]}
}

@inproceedings{klein2009sel4,
  title = {{{seL4}}: Formal Verification of an {{OS}} Kernel},
  shorttitle = {{{seL4}}},
  booktitle = {Proc. {{ACM SIGOPS}} 22nd {{Symp}}. {{Oper}}. {{Syst}}. {{Princ}}. - {{SOSP}} 09},
  author = {Klein, Gerwin and Norrish, Michael and Sewell, Thomas and Tuch, Harvey and Winwood, Simon and Elphinstone, Kevin and Heiser, Gernot and Andronick, June and Cock, David and Derrin, Philip and Elkaduwe, Dhammika and Engelhardt, Kai and Kolanski, Rafal},
  date = {2009},
  pages = {207},
  publisher = {{ACM Press}},
  location = {{Big Sky, Montana, USA}},
  eventtitle = {The {{ACM SIGOPS}} 22nd Symposium},
  annotation = {1628 citations (Semantic Scholar/DOI) [2022-10-25]}
}

@inproceedings{koeberl2014trustlite,
  title = {{{TrustLite}}: A Security Architecture for Tiny Embedded Devices},
  shorttitle = {{{TrustLite}}},
  booktitle = {Proc. {{Ninth Eur}}. {{Conf}}. {{Comput}}. {{Syst}}.},
  author = {Koeberl, Patrick and Schulz, Steffen and Sadeghi, Ahmad-Reza and Varadharajan, Vijay},
  date = {2014-04-14},
  series = {{{EuroSys}} '14},
  pages = {1--14},
  publisher = {{Association for Computing Machinery}},
  location = {{New York, NY, USA}},
  annotation = {279 citations (Semantic Scholar/DOI) [2022-08-22]}
}

@inproceedings{koo2019configurationdriven,
  title = {Configuration-{{Driven Software Debloating}}},
  booktitle = {Proc. 12th {{Eur}}. {{Workshop Syst}}. {{Secur}}.},
  author = {Koo, Hyungjoon and Ghavamnia, Seyedhamed and Polychronakis, Michalis},
  date = {2019-03-25},
  series = {{{EuroSec}} '19},
  pages = {1--6},
  publisher = {{Association for Computing Machinery}},
  location = {{New York, NY, USA}},
  annotation = {36 citations (Semantic Scholar/DOI) [2022-08-22]}
}

@inproceedings{koromilas2016grim,
  title = {{{GRIM}}: {{Leveraging GPUs}} for {{Kernel Integrity Monitoring}}},
  shorttitle = {{{GRIM}}},
  booktitle = {Res. {{Attacks Intrusions Def}}.},
  author = {Koromilas, Lazaros and Vasiliadis, Giorgos and Athanasopoulos, Elias and Ioannidis, Sotiris},
  editor = {Monrose, Fabian and Dacier, Marc and Blanc, Gregory and Garcia-Alfaro, Joaquin},
  date = {2016},
  series = {Lecture {{Notes}} in {{Computer Science}}},
  pages = {3--23},
  publisher = {{Springer International Publishing}},
  location = {{Cham}},
  annotation = {15 citations (Semantic Scholar/DOI) [2022-08-22]}
}

@inproceedings{koruyeh2020speccfi,
  title = {{{SpecCFI}}: {{Mitigating Spectre Attacks}} Using {{CFI Informed Speculation}}},
  shorttitle = {{{SpecCFI}}},
  booktitle = {2020 {{IEEE Symp}}. {{Secur}}. {{Priv}}. {{SP}}},
  author = {Koruyeh, Esmaeil Mohammadian and Haji Amin Shirazi, Shirin and Khasawneh, Khaled N. and Song, Chengyu and Abu-Ghazaleh, Nael},
  date = {2020-05},
  pages = {39--53},
  eventtitle = {2020 {{IEEE Symposium}} on {{Security}} and {{Privacy}} ({{SP}})},
  annotation = {33 citations (Semantic Scholar/DOI) [2022-08-22]}
}

@inproceedings{kotni2021faastlane,
  title = {Faastlane: {{Accelerating}} \{\vphantom\}{{Function-as-a-Service}}\vphantom\{\} {{Workflows}}},
  shorttitle = {Faastlane},
  author = {Kotni, Swaroop and Nayak, Ajay and Ganapathy, Vinod and Basu, Arkaprava},
  date = {2021},
  pages = {805--820},
  eventtitle = {2021 {{USENIX Annual Technical Conference}} ({{USENIX ATC}} 21)}
}

@inproceedings{kulkarni2018splinter,
  title = {Splinter: {{Bare-Metal Extensions}} for {{Multi-Tenant Low-Latency Storage}}},
  shorttitle = {Splinter},
  author = {Kulkarni, Chinmay and Moore, Sara and Naqvi, Mazhar and Zhang, Tian and Ricci, Robert and Stutsman, Ryan},
  date = {2018},
  pages = {627--643},
  eventtitle = {13th {{USENIX Symposium}} on {{Operating Systems Design}} and {{Implementation}} ({{OSDI}} 18)}
}

@inproceedings{kuo2020linux,
  title = {A {{Linux}} in Unikernel Clothing},
  booktitle = {Proc. {{Fifteenth Eur}}. {{Conf}}. {{Comput}}. {{Syst}}.},
  author = {Kuo, Hsuan-Chi and Williams, Dan and Koller, Ricardo and Mohan, Sibin},
  date = {2020-04-15},
  pages = {1--15},
  publisher = {{ACM}},
  location = {{Heraklion Greece}},
  eventtitle = {{{EuroSys}} '20: {{Fifteenth EuroSys Conference}} 2020},
  annotation = {16 citations (Semantic Scholar/DOI) [2022-08-22]}
}

@article{kuo2020set,
  title = {Set the {{Configuration}} for the {{Heart}} of the {{OS}}: {{On}} the {{Practicality}} of {{Operating System Kernel Debloating}}},
  shorttitle = {Set the {{Configuration}} for the {{Heart}} of the {{OS}}},
  author = {Kuo, Hsuan-Chi and Chen, Jianyan and Mohan, Sibin and Xu, Tianyin},
  date = {2020-05-27},
  journaltitle = {Proc. ACM Meas. Anal. Comput. Syst.},
  volume = {4},
  number = {1},
  pages = {1--27},
  annotation = {0 citations (Semantic Scholar/DOI) [2022-08-22]}
}

@inproceedings{kuo2022verified,
  title = {Verified Programs Can Party: Optimizing Kernel Extensions via Post-Verification Merging},
  shorttitle = {Verified Programs Can Party},
  booktitle = {Proc. {{Seventeenth Eur}}. {{Conf}}. {{Comput}}. {{Syst}}.},
  author = {Kuo, Hsuan-Chi and Chen, Kai-Hsun and Lu, Yicheng and Williams, Dan and Mohan, Sibin and Xu, Tianyin},
  date = {2022-03-28},
  series = {{{EuroSys}} '22},
  pages = {283--299},
  publisher = {{Association for Computing Machinery}},
  location = {{New York, NY, USA}},
  annotation = {0 citations (Semantic Scholar/DOI) [2022-08-22]}
}

@inproceedings{kuznetsov2014codepointer,
  title = {Code-{{Pointer Integrity}}},
  author = {Kuznetsov, Volodymyr and Szekeres, Laszlo and Payer, Mathias and Candea, George and Sekar, R. and Song, Dawn},
  date = {2014},
  pages = {147--163},
  eventtitle = {11th \{\vphantom\}{{USENIX}}\vphantom\{\} {{Symposium}} on {{Operating Systems Design}} and {{Implementation}} (\{\vphantom\}{{OSDI}}\vphantom\{\} 14)}
}

@inproceedings{kuznetsov2022privbox,
  title = {Privbox: {{Faster System Calls Through Sandboxed Privileged Execution}}},
  shorttitle = {Privbox},
  author = {Kuznetsov, Dmitry and Morrison, Adam},
  date = {2022},
  eventtitle = {2022 {{USENIX Annual Technical Conference}} ({{USENIX ATC}} 22)}
}

@inproceedings{kwon2019uxom,
  title = {{{uXOM}}: {{Efficient eXecute-Only Memory}} on {{ARM Cortex-M}}},
  shorttitle = {\{\vphantom\}{{uXOM}}\vphantom\{\}},
  author = {Kwon, Donghyun and Shin, Jangseop and Kim, Giyeol and Lee, Byoungyoung and Cho, Yeongpil and Paek, Yunheung},
  date = {2019},
  pages = {231--247},
  eventtitle = {28th {{USENIX Security Symposium}} ({{USENIX Security}} 19)}
}

@article{kwon2021zerokernel,
  title = {{{ZeroKernel}}: {{Secure Context-Isolated Execution}} on {{Commodity GPUs}}},
  shorttitle = {{{ZeroKernel}}},
  author = {Kwon, Ohmin and Kim, Yonggon and Huh, Jaehyuk and Yoon, Hyunsoo},
  date = {2021-07},
  journaltitle = {IEEE Trans. Dependable Secure Comput.},
  volume = {18},
  number = {4},
  pages = {1974--1988},
  eventtitle = {{{IEEE Transactions}} on {{Dependable}} and {{Secure Computing}}},
  annotation = {5 citations (Semantic Scholar/DOI) [2022-08-22]}
}

@online{labpurdue,
  title = {Purdue {{OWL}} // {{Purdue Writing Lab}}},
  author = {Lab, Purdue Writing},
  organization = {{Purdue Writing Lab}}
}

@inproceedings{lamowski2017sandcrust,
  title = {Sandcrust: {{Automatic Sandboxing}} of {{Unsafe Components}} in {{Rust}}},
  shorttitle = {Sandcrust},
  booktitle = {Proc. 9th {{Workshop Program}}. {{Lang}}. {{Oper}}. {{Syst}}.},
  author = {Lamowski, Benjamin and Weinhold, Carsten and Lackorzynski, Adam and H\"artig, Hermann},
  date = {2017-10-28},
  series = {{{PLOS}}'17},
  pages = {51--57},
  publisher = {{Association for Computing Machinery}},
  location = {{New York, NY, USA}},
  annotation = {19 citations (Semantic Scholar/DOI) [2022-10-25]}
}

@article{lampson1974protection,
  title = {Protection},
  author = {Lampson, Butler W.},
  date = {1974-01-01},
  journaltitle = {SIGOPS Oper. Syst. Rev.},
  volume = {8},
  number = {1},
  pages = {18--24},
  annotation = {30 citations (Semantic Scholar/DOI) [2022-10-30]}
}

@inproceedings{lee2015preventing,
  title = {Preventing {{Use-after-free}} with {{Dangling Pointers Nullification}}},
  booktitle = {Proc. 2015 {{Netw}}. {{Distrib}}. {{Syst}}. {{Secur}}. {{Symp}}.},
  author = {Lee, Byoungyoung and Song, Chengyu and Jang, Yeongjin and Wang, Tielei and Kim, Taesoo and Lu, Long and Lee, Wenke},
  date = {2015},
  publisher = {{Internet Society}},
  location = {{San Diego, CA}},
  eventtitle = {Network and {{Distributed System Security Symposium}}},
  annotation = {112 citations (Semantic Scholar/DOI) [2022-08-22]}
}

@inproceedings{lee2021constraintguided,
  title = {Constraint-Guided {{Directed Greybox Fuzzing}}},
  author = {Lee, Gwangmu and Shim, Woochul and Lee, Byoungyoung},
  date = {2021},
  pages = {3559--3576},
  eventtitle = {30th {{USENIX Security Symposium}} ({{USENIX Security}} 21)}
}

@inproceedings{lefeuvre2022flexos,
  title = {{{FlexOS}}: Towards Flexible {{OS}} Isolation},
  shorttitle = {{{FlexOS}}},
  booktitle = {Proc. 27th {{ACM Int}}. {{Conf}}. {{Archit}}. {{Support Program}}. {{Lang}}. {{Oper}}. {{Syst}}.},
  author = {Lefeuvre, Hugo and B\u{a}doiu, Vlad-Andrei and Jung, Alexander and Teodorescu, Stefan Lucian and Rauch, Sebastian and Huici, Felipe and Raiciu, Costin and Olivier, Pierre},
  date = {2022-02-28},
  pages = {467--482},
  publisher = {{ACM}},
  location = {{Lausanne Switzerland}},
  eventtitle = {{{ASPLOS}} '22: 27th {{ACM International Conference}} on {{Architectural Support}} for {{Programming Languages}} and {{Operating Systems}}},
  annotation = {1 citations (Semantic Scholar/DOI) [2022-08-22]}
}

@inproceedings{lemay2021cryptographic,
  title = {Cryptographic {{Capability Computing}}},
  booktitle = {{{MICRO-54}} 54th {{Annu}}. {{IEEEACM Int}}. {{Symp}}. {{Microarchitecture}}},
  author = {LeMay, Michael and Rakshit, Joydeep and Deutsch, Sergej and Durham, David M. and Ghosh, Santosh and Nori, Anant and Gaur, Jayesh and Weiler, Andrew and Sultana, Salmin and Grewal, Karanvir and Subramoney, Sreenivas},
  date = {2021-10-18},
  series = {{{MICRO}} '21},
  pages = {253--267},
  publisher = {{Association for Computing Machinery}},
  location = {{New York, NY, USA}},
  annotation = {3 citations (Semantic Scholar/DOI) [2022-08-22]}
}

@inproceedings{levy2015ownership,
  title = {Ownership Is Theft: Experiences Building an Embedded {{OS}} in Rust},
  shorttitle = {Ownership Is Theft},
  booktitle = {Proc. 8th {{Workshop Program}}. {{Lang}}. {{Oper}}. {{Syst}}.},
  author = {Levy, Amit and Andersen, Michael P. and Campbell, Bradford and Culler, David and Dutta, Prabal and Ghena, Branden and Levis, Philip and Pannuto, Pat},
  date = {2015-10-04},
  series = {{{PLOS}} '15},
  pages = {21--26},
  publisher = {{Association for Computing Machinery}},
  location = {{New York, NY, USA}},
  annotation = {34 citations (Semantic Scholar/DOI) [2022-08-22]}
}

@inproceedings{levy2017multiprogramming,
  title = {Multiprogramming a {{64kB Computer Safely}} and {{Efficiently}}},
  booktitle = {Proc. 26th {{Symp}}. {{Oper}}. {{Syst}}. {{Princ}}.},
  author = {Levy, Amit and Campbell, Bradford and Ghena, Branden and Giffin, Daniel B. and Pannuto, Pat and Dutta, Prabal and Levis, Philip},
  date = {2017-10-14},
  series = {{{SOSP}} '17},
  pages = {234--251},
  publisher = {{Association for Computing Machinery}},
  location = {{New York, NY, USA}},
  annotation = {85 citations (Semantic Scholar/DOI) [2022-08-22]}
}

@article{li2019improving,
  title = {Improving Bug Detection via Context-Based Code Representation Learning and Attention-Based Neural Networks},
  author = {Li, Yi and Wang, Shaohua and Nguyen, Tien N. and Van Nguyen, Son},
  date = {2019-10-10},
  journaltitle = {Proc. ACM Program. Lang.},
  volume = {3},
  pages = {162:1--162:30},
  issue = {OOPSLA},
  annotation = {61 citations (Semantic Scholar/DOI) [2022-08-22]}
}

@inproceedings{li2020dlfix,
  title = {{{DLFix}}: Context-Based Code Transformation Learning for Automated Program Repair},
  shorttitle = {{{DLFix}}},
  booktitle = {Proc. {{ACMIEEE}} 42nd {{Int}}. {{Conf}}. {{Softw}}. {{Eng}}.},
  author = {Li, Yi and Wang, Shaohua and Nguyen, Tien N.},
  date = {2020-06-27},
  series = {{{ICSE}} '20},
  pages = {602--614},
  publisher = {{Association for Computing Machinery}},
  location = {{New York, NY, USA}},
  annotation = {8 citations (Semantic Scholar/DOI) [2022-08-22]}
}

@incollection{li2020finding,
  title = {Finding {{Cracks}} in {{Shields}}: {{On}} the {{Security}} of {{Control Flow Integrity Mechanisms}}},
  shorttitle = {Finding {{Cracks}} in {{Shields}}},
  booktitle = {Proceedings of the 2020 {{ACM SIGSAC Conference}} on {{Computer}} and {{Communications Security}}},
  author = {Li, Yuan and Wang, Mingzhe and Zhang, Chao and Chen, Xingman and Yang, Songtao and Liu, Ying},
  date = {2020-10-30},
  pages = {1821--1835},
  publisher = {{Association for Computing Machinery}},
  location = {{New York, NY, USA}}
}

@inproceedings{li2021arbitrar,
  title = {{{ARBITRAR}}: {{User-Guided API Misuse Detection}}},
  shorttitle = {{{ARBITRAR}}},
  booktitle = {2021 {{IEEE Symp}}. {{Secur}}. {{Priv}}. {{SP}}},
  author = {Li, Ziyang and Machiry, Aravind and Chen, Binghong and Naik, Mayur and Wang, Ke and Song, Le},
  date = {2021-05},
  pages = {1400--1415},
  eventtitle = {2021 {{IEEE Symposium}} on {{Security}} and {{Privacy}} ({{SP}})},
  annotation = {2 citations (Semantic Scholar/DOI) [2022-08-22]}
}

@inproceedings{li2021mirchecker,
  title = {{{MirChecker}}: {{Detecting Bugs}} in {{Rust Programs}} via {{Static Analysis}}},
  shorttitle = {{{MirChecker}}},
  booktitle = {Proc. 2021 {{ACM SIGSAC Conf}}. {{Comput}}. {{Commun}}. {{Secur}}.},
  author = {Li, Zhuohua and Wang, Jincheng and Sun, Mingshen and Lui, John C.S.},
  date = {2021-11-12},
  series = {{{CCS}} '21},
  pages = {2183--2196},
  publisher = {{Association for Computing Machinery}},
  location = {{New York, NY, USA}},
  annotation = {1 citations (Semantic Scholar/DOI) [2022-08-22]}
}

@inproceedings{li2022detecting,
  title = {Detecting {{Cross-language Memory Management Issues}} in~{{Rust}}},
  booktitle = {Comput. {{Secur}}. \textendash{} {{ESORICS}} 2022},
  author = {Li, Zhuohua and Wang, Jincheng and Sun, Mingshen and Lui, John C. S.},
  editor = {Atluri, Vijayalakshmi and Di Pietro, Roberto and Jensen, Christian D. and Meng, Weizhi},
  date = {2022},
  series = {Lecture {{Notes}} in {{Computer Science}}},
  pages = {680--700},
  publisher = {{Springer Nature Switzerland}},
  location = {{Cham}},
  annotation = {0 citations (Semantic Scholar/DOI) [2022-10-28]}
}

@misc{li2022pacsan,
  title = {{{PACSan}}: {{Enforcing Memory Safety Based}} on {{ARM PA}}},
  shorttitle = {{{PACSan}}},
  author = {Li, Yuan and Tan, Wende and Lv, Zhizheng and Yang, Songtao and Payer, Mathias and Liu, Ying and Zhang, Chao},
  date = {2022-02-08},
  number = {arXiv:2202.03950},
  eprint = {2202.03950},
  eprinttype = {arxiv},
  primaryclass = {cs},
  publisher = {{arXiv}},
  archiveprefix = {arXiv},
  annotation = {1 citations (Semantic Scholar/arXiv) [2022-08-22]}
}

@inproceedings{li2022polycruise,
  title = {\{\vphantom\}{{PolyCruise}}\vphantom\{\}: {{A}} \{\vphantom\}{{Cross-Language}}\vphantom\{\} {{Dynamic Information Flow Analysis}}},
  shorttitle = {\{\vphantom\}{{PolyCruise}}\vphantom\{\}},
  author = {Li, Wen and Ming, Jiang and Luo, Xiapu and Cai, Haipeng},
  date = {2022},
  pages = {2513--2530},
  eventtitle = {31st {{USENIX Security Symposium}} ({{USENIX Security}} 22)}
}

@inproceedings{li2022systematic,
  title = {A {{Systematic Look}} at {{Ciphertext Side Channels}} on {{AMD SEV-SNP}}},
  author = {Li, Mengyuan and Wilke, Luca and Wichelmann, Jan and Eisenbarth, Thomas and Teodorescu, Radu and Zhang, Yinqian},
  date = {2022-04-20},
  pages = {1541--1541},
  publisher = {{IEEE Computer Society}},
  eventtitle = {2022 {{IEEE Symposium}} on {{Security}} and {{Privacy}} ({{SP}})}
}

@inproceedings{liang2021pata,
  title = {{{PATA}}: {{Fuzzing}} with {{Path Aware Taint Analysis}}},
  shorttitle = {{{PATA}}},
  author = {Liang, Jie and Wang, Mingzhe and Zhou, Chijin and Wu, Zhiyong and Jiang, Yu and Liu, Jianzhong and Liu, Zhe and Sun, Jiaguang},
  date = {2021-09-09},
  pages = {154--170},
  publisher = {{IEEE Computer Society}},
  eventtitle = {2022 {{IEEE Symposium}} on {{Security}} and {{Privacy}} ({{SP}})}
}

@inproceedings{liljestrand2019pac,
  title = {{{PAC}} It up: {{Towards Pointer Integrity}} Using {{ARM Pointer Authentication}}},
  shorttitle = {\{\vphantom\}{{PAC}}\vphantom\{\} It Up},
  author = {Liljestrand, Hans and Nyman, Thomas and Wang, Kui and Perez, Carlos Chinea and Ekberg, Jan-Erik and Asokan, N.},
  date = {2019},
  pages = {177--194},
  eventtitle = {28th {{USENIX Security Symposium}} ({{USENIX Security}} 19)}
}

@inproceedings{liljestrand2021pacstack,
  title = {{{PACStack}}: An {{Authenticated Call Stack}}},
  shorttitle = {\{\vphantom\}{{PACStack}}\vphantom\{\}},
  author = {Liljestrand, Hans and Nyman, Thomas and Gunn, Lachlan J. and Ekberg, Jan-Erik and Asokan, N.},
  date = {2021},
  pages = {357--374},
  eventtitle = {30th {{USENIX Security Symposium}} ({{USENIX Security}} 21)}
}

@misc{liljestrand2022color,
  title = {Color {{My World}}: {{Deterministic Tagging}} for {{Memory Safety}}},
  shorttitle = {Color {{My World}}},
  author = {Liljestrand, Hans and Chinea, Carlos and Denis-Courmont, R\'emi and Ekberg, Jan-Erik and Asokan, N.},
  date = {2022-04-07},
  number = {arXiv:2204.03781},
  eprint = {2204.03781},
  eprinttype = {arxiv},
  primaryclass = {cs},
  publisher = {{arXiv}},
  archiveprefix = {arXiv},
  annotation = {0 citations (Semantic Scholar/arXiv) [2022-08-22] 0 citations (Semantic Scholar/DOI) [2022-08-22]}
}

@inproceedings{lin2021flashcube,
  title = {{{FlashCube}}: {{Fast Provisioning}} of {{Serverless Functions}} with {{Streamlined Container Runtimes}}},
  shorttitle = {{{FlashCube}}},
  booktitle = {Proc. 11th {{Workshop Program}}. {{Lang}}. {{Oper}}. {{Syst}}.},
  author = {Lin, Zhen and Hsieh, Kao-Feng and Sun, Yu and Shin, Seunghee and Lu, Hui},
  date = {2021-10-25},
  series = {{{PLOS}} '21},
  pages = {38--45},
  publisher = {{Association for Computing Machinery}},
  location = {{New York, NY, USA}},
  annotation = {0 citations (Semantic Scholar/DOI) [2022-08-22]}
}

@inproceedings{lin2022grebe,
  title = {{{GREBE}}: {{Unveiling Exploitation Potential}} for {{Linux Kernel Bugs}}},
  shorttitle = {{{GREBE}}},
  booktitle = {2022 {{IEEE Symp}}. {{Secur}}. {{Priv}}. {{SP}}},
  author = {Lin, Zhenpeng and Chen, Yueqi and Wu, Yuhang and Mu, Dongliang and Yu, Chensheng and Xing, Xinyu and Li, Kang},
  date = {2022-05},
  pages = {2078--2095},
  eventtitle = {2022 {{IEEE Symposium}} on {{Security}} and {{Privacy}} ({{SP}})},
  annotation = {0 citations (Semantic Scholar/DOI) [2022-08-22]}
}

@inproceedings{lind2017glamdring,
  title = {Glamdring: {{Automatic Application Partitioning}} for {{Intel}} \{\vphantom\}{{SGX}}\vphantom\{\}},
  shorttitle = {Glamdring},
  author = {Lind, Joshua and Priebe, Christian and Muthukumaran, Divya and O'Keeffe, Dan and Aublin, Pierre-Louis and Kelbert, Florian and Reiher, Tobias and Goltzsche, David and Eyers, David and Kapitza, R\"udiger and Fetzer, Christof and Pietzuch, Peter},
  date = {2017},
  pages = {285--298},
  eventtitle = {2017 {{USENIX Annual Technical Conference}} ({{USENIX ATC}} 17)}
}

@inproceedings{liu2017ptrsplit,
  title = {{{PtrSplit}}: {{Supporting General Pointers}} in {{Automatic Program Partitioning}}},
  shorttitle = {{{PtrSplit}}},
  booktitle = {Proc. 2017 {{ACM SIGSAC Conf}}. {{Comput}}. {{Commun}}. {{Secur}}.},
  author = {Liu, Shen and Tan, Gang and Jaeger, Trent},
  date = {2017-10-30},
  series = {{{CCS}} '17},
  pages = {2359--2371},
  publisher = {{Association for Computing Machinery}},
  location = {{New York, NY, USA}},
  annotation = {34 citations (Semantic Scholar/DOI) [2022-08-22]}
}

@inproceedings{liu2019programmandering,
  title = {Program-Mandering: {{Quantitative Privilege Separation}}},
  shorttitle = {Program-Mandering},
  booktitle = {Proc. 2019 {{ACM SIGSAC Conf}}. {{Comput}}. {{Commun}}. {{Secur}}.},
  author = {Liu, Shen and Zeng, Dongrui and Huang, Yongzhe and Capobianco, Frank and McCamant, Stephen and Jaeger, Trent and Tan, Gang},
  date = {2019-11-06},
  series = {{{CCS}} '19},
  pages = {1023--1040},
  publisher = {{Association for Computing Machinery}},
  location = {{New York, NY, USA}},
  annotation = {15 citations (Semantic Scholar/DOI) [2022-08-22]}
}

@inproceedings{liu2020securing,
  title = {Securing Unsafe Rust Programs with {{XRust}}},
  booktitle = {Proc. {{ACMIEEE}} 42nd {{Int}}. {{Conf}}. {{Softw}}. {{Eng}}.},
  author = {Liu, Peiming and Zhao, Gang and Huang, Jeff},
  date = {2020-06-27},
  series = {{{ICSE}} '20},
  pages = {234--245},
  publisher = {{Association for Computing Machinery}},
  location = {{New York, NY, USA}},
  annotation = {6 citations (Semantic Scholar/DOI) [2022-08-22]}
}

@inproceedings{liu2021kubo,
  title = {{{KUBO}}: {{Precise}} and {{Scalable Detection}} of {{User-triggerable Undefined Behavior Bugs}} in {{OS Kernel}}},
  shorttitle = {{{KUBO}}},
  booktitle = {Proc. 2021 {{Netw}}. {{Distrib}}. {{Syst}}. {{Secur}}. {{Symp}}.},
  author = {Liu, Changming and Chen, Yaohui and Lu, Long},
  date = {2021},
  publisher = {{Internet Society}},
  location = {{Virtual}},
  eventtitle = {Network and {{Distributed System Security Symposium}}},
  annotation = {1 citations (Semantic Scholar/DOI) [2022-08-22]}
}

@inproceedings{lu2019where,
  title = {Where {{Does It Go}}? {{Refining Indirect-Call Targets}} with {{Multi-Layer Type Analysis}}},
  shorttitle = {Where {{Does It Go}}?},
  booktitle = {Proc. 2019 {{ACM SIGSAC Conf}}. {{Comput}}. {{Commun}}. {{Secur}}.},
  author = {Lu, Kangjie and Hu, Hong},
  date = {2019-11-06},
  series = {{{CCS}} '19},
  pages = {1867--1881},
  publisher = {{Association for Computing Machinery}},
  location = {{New York, NY, USA}},
  annotation = {34 citations (Semantic Scholar/DOI) [2022-08-22]}
}

@inproceedings{lyu2022efficient,
  title = {Towards Efficient Processing of Latency-Sensitive Serverless {{DAGs}} at the Edge},
  booktitle = {Proc. 5th {{Int}}. {{Workshop Edge Syst}}. {{Anal}}. {{Netw}}.},
  author = {Lyu, Xiaosu and Cherkasova, Ludmila and Aitken, Robert and Parmer, Gabriel and Wood, Timothy},
  date = {2022-04-05},
  series = {{{EdgeSys}} '22},
  pages = {49--54},
  publisher = {{Association for Computing Machinery}},
  location = {{New York, NY, USA}},
  annotation = {0 citations (Semantic Scholar/DOI) [2022-08-22]}
}

@inproceedings{lyu2022goshawk,
  title = {Goshawk: {{Hunting Memory Corruptions}} via {{Structure-Aware}} and {{Object-Centric Memory Operation Synopsis}}},
  shorttitle = {Goshawk},
  booktitle = {2022 {{IEEE Symp}}. {{Secur}}. {{Priv}}. {{SP}}},
  author = {Lyu, Yunlong and Fang, Yi and Zhang, Yiwei and Sun, Qibin and Ma, Siqi and Bertino, Elisa and Lu, Kangjie and Li, Juanru},
  date = {2022-05},
  pages = {2096--2113},
  publisher = {{IEEE}},
  location = {{San Francisco, CA, USA}},
  eventtitle = {2022 {{IEEE Symposium}} on {{Security}} and {{Privacy}} ({{SP}})},
  annotation = {0 citations (Semantic Scholar/DOI) [2022-08-22]}
}

@inproceedings{machiry2017dr,
  title = {{{DR}}. {{CHECKER}}: {{A Soundy Analysis}} for {{Linux Kernel Drivers}}},
  shorttitle = {\{\vphantom\}{{DR}}\vphantom\{\}. \{\vphantom\}{{CHECKER}}\vphantom\{\}},
  author = {Machiry, Aravind and Spensky, Chad and Corina, Jake and Stephens, Nick and Kruegel, Christopher and Vigna, Giovanni},
  date = {2017},
  pages = {1007--1024},
  eventtitle = {26th {{USENIX Security Symposium}} ({{USENIX Security}} 17)}
}

@article{mampage2022holistic,
  title = {A {{Holistic View}} on {{Resource Management}} in {{Serverless Computing Environments}}: {{Taxonomy}} and {{Future Directions}}},
  shorttitle = {A {{Holistic View}} on {{Resource Management}} in {{Serverless Computing Environments}}},
  author = {Mampage, Anupama and Karunasekera, Shanika and Buyya, Rajkumar},
  date = {2022-01-03},
  journaltitle = {ACM Comput. Surv.},
  annotation = {4 citations (Semantic Scholar/DOI) [2022-08-22] Just Accepted}
}

@inproceedings{manco2017my,
  title = {My {{VM}} Is {{Lighter}} (and {{Safer}}) than Your {{Container}}},
  booktitle = {Proc. 26th {{Symp}}. {{Oper}}. {{Syst}}. {{Princ}}.},
  author = {Manco, Filipe and Lupu, Costin and Schmidt, Florian and Mendes, Jose and Kuenzer, Simon and Sati, Sumit and Yasukata, Kenichi and Raiciu, Costin and Huici, Felipe},
  date = {2017-10-14},
  series = {{{SOSP}} '17},
  pages = {218--233},
  publisher = {{Association for Computing Machinery}},
  location = {{New York, NY, USA}},
  annotation = {203 citations (Semantic Scholar/DOI) [2022-08-22]}
}

@article{manes2021art,
  title = {The {{Art}}, {{Science}}, and {{Engineering}} of {{Fuzzing}}: {{A Survey}}},
  shorttitle = {The {{Art}}, {{Science}}, and {{Engineering}} of {{Fuzzing}}},
  author = {Man\`es, Valentin J.M. and Han, HyungSeok and Han, Choongwoo and Cha, Sang Kil and Egele, Manuel and Schwartz, Edward J. and Woo, Maverick},
  date = {2021-11},
  journaltitle = {IEEE Trans. Softw. Eng.},
  volume = {47},
  number = {11},
  pages = {2312--2331},
  eventtitle = {{{IEEE Transactions}} on {{Software Engineering}}},
  annotation = {147 citations (Semantic Scholar/DOI) [2022-08-22]}
}

@inproceedings{marcelli2022how,
  title = {How {{Machine Learning Is Solving}} the {{Binary Function Similarity Problem}}},
  author = {Marcelli, Andrea and Graziano, Mariano and Ugarte-Pedrero, Xabier and Fratantonio, Yanick and Mansouri, Mohamad and Balzarotti, Davide},
  date = {2022},
  pages = {2099--2116},
  eventtitle = {31st {{USENIX Security Symposium}} ({{USENIX Security}} 22)}
}

@inproceedings{mckee2022preventing,
  title = {Preventing {{Kernel Hacks}} with {{HAKCs}}},
  booktitle = {Proc. 2022 {{Netw}}. {{Distrib}}. {{Syst}}. {{Secur}}. {{Symp}}.},
  author = {McKee, Derrick and Giannaris, Yianni and Ortega, Carolina and Shrobe, Howard and Payer, Mathias and Okhravi, Hamed and Burow, Nathan},
  date = {2022},
  publisher = {{Internet Society}},
  location = {{San Diego, CA, USA}},
  eventtitle = {Network and {{Distributed System Security Symposium}}},
  annotation = {0 citations (Semantic Scholar/DOI) [2022-08-22]}
}

@inproceedings{mera2022dbox,
  title = {D-{{Box}}: {{DMA-enabled Compartmentalization}} for {{Embedded Applications}}},
  shorttitle = {D-{{Box}}},
  booktitle = {Proc. 2022 {{Netw}}. {{Distrib}}. {{Syst}}. {{Secur}}. {{Symp}}.},
  author = {Mera, Alejandro and Chen, Yi Hui and Sun, Ruimin and Kirda, Engin and Lu, Long},
  date = {2022},
  eprint = {2201.05199},
  eprinttype = {arxiv},
  primaryclass = {cs},
  archiveprefix = {arXiv},
  annotation = {1 citations (Semantic Scholar/arXiv) [2022-08-22] 1 citations (Semantic Scholar/DOI) [2022-08-22]}
}

@inproceedings{mergendahl2022crosslanguage,
  title = {Cross-{{Language Attacks}}},
  booktitle = {Proc. 2022 {{Netw}}. {{Distrib}}. {{Syst}}. {{Secur}}. {{Symp}}.},
  author = {Mergendahl, Samuel and Burow, Nathan and Okhravi, Hamed},
  date = {2022},
  publisher = {{Internet Society}},
  location = {{San Diego, CA, USA}},
  eventtitle = {Network and {{Distributed System Security Symposium}}},
  annotation = {0 citations (Semantic Scholar/DOI) [2022-08-22]}
}

@online{microsoft2019control,
  title = {Control {{Flow Guard}}},
  author = {Microsoft},
  date = {2019}
}

@inproceedings{midi2017memory,
  title = {Memory {{Safety}} for {{Embedded Devices}} with {{nesCheck}}},
  booktitle = {Proc. 2017 {{ACM Asia Conf}}. {{Comput}}. {{Commun}}. {{Secur}}.},
  author = {Midi, Daniele and Payer, Mathias and Bertino, Elisa},
  date = {2017-04-02},
  series = {{{ASIA CCS}} '17},
  pages = {127--139},
  publisher = {{Association for Computing Machinery}},
  location = {{New York, NY, USA}},
  annotation = {22 citations (Semantic Scholar/DOI) [2022-08-22]}
}

@inproceedings{milburn2021mitigating,
  title = {Mitigating {{Information Leakage Vulnerabilities}} with {{Type-based Data Isolation}}},
  author = {Milburn, Alyssa and family=Kouwe, given=Erik, prefix=van der, useprefix=false and Giuffrida, Cristiano},
  date = {2021-09-09},
  pages = {259--275},
  publisher = {{IEEE Computer Society}},
  eventtitle = {2022 {{IEEE Symposium}} on {{Security}} and {{Privacy}} ({{SP}})}
}

@article{milburnmitigating,
  title = {Mitigating {{Information Leakage Vulnerabilities}} with {{Type-based Data Isolation}}},
  author = {Milburn, Alyssa},
  pages = {17}
}

@inproceedings{mishra2020saffire,
  title = {Saffire: {{Context-sensitive Function Specialization}} against {{Code Reuse Attacks}}},
  shorttitle = {Saffire},
  booktitle = {2020 {{IEEE Eur}}. {{Symp}}. {{Secur}}. {{Priv}}. {{EuroSP}}},
  author = {Mishra, Shachee and Polychronakis, Michalis},
  date = {2020-09},
  pages = {17--33},
  eventtitle = {2020 {{IEEE European Symposium}} on {{Security}} and {{Privacy}} ({{EuroS}}\&{{P}})},
  annotation = {7 citations (Semantic Scholar/DOI) [2022-08-22]}
}

@unpublished{moghimi2017cachezoom,
  title = {{{CacheZoom}}: {{How SGX Amplifies The Power}} of {{Cache Attacks}}},
  shorttitle = {{{CacheZoom}}},
  author = {Moghimi, Ahmad and Irazoqui, Gorka and Eisenbarth, Thomas},
  date = {2017-08-20},
  shortjournal = {ArXiv170306986 Cs},
  eprint = {1703.06986},
  eprinttype = {arxiv},
  primaryclass = {cs},
  archiveprefix = {arXiv},
  annotation = {228 citations (Semantic Scholar/arXiv) [2022-08-22]}
}

@inproceedings{mohan2015opaque,
  title = {Opaque {{Control-Flow Integrity}}},
  booktitle = {Proc. 2015 {{Netw}}. {{Distrib}}. {{Syst}}. {{Secur}}. {{Symp}}.},
  author = {Mohan, Vishwath and Larsen, Per and Brunthaler, Stefan and Hamlen, Kevin W. and Franz, Michael},
  date = {2015},
  publisher = {{Internet Society}},
  location = {{San Diego, CA}},
  eventtitle = {Network and {{Distributed System Security Symposium}}},
  annotation = {150 citations (Semantic Scholar/DOI) [2022-10-26]}
}

@inproceedings{nagarakatte2010cets,
  title = {{{CETS}}: Compiler Enforced Temporal Safety for {{C}}},
  shorttitle = {{{CETS}}},
  booktitle = {Proc. 2010 {{Int}}. {{Symp}}. {{Mem}}. {{Manag}}.},
  author = {Nagarakatte, Santosh and Zhao, Jianzhou and Martin, Milo M.K. and Zdancewic, Steve},
  date = {2010-06-05},
  series = {{{ISMM}} '10},
  pages = {31--40},
  publisher = {{Association for Computing Machinery}},
  location = {{New York, NY, USA}},
  annotation = {325 citations (Semantic Scholar/DOI) [2022-08-22]}
}

@inproceedings{nagy2021breaking,
  title = {Breaking {{Through Binaries}}: {{Compiler-quality Instrumentation}} for {{Better Binary-only Fuzzing}}},
  shorttitle = {Breaking {{Through Binaries}}},
  author = {Nagy, Stefan and Nguyen-Tuong, Anh and Hiser, Jason D. and Davidson, Jack W. and Hicks, Matthew},
  date = {2021},
  pages = {1683--1700},
  eventtitle = {30th {{USENIX Security Symposium}} ({{USENIX Security}} 21)}
}

@inproceedings{nam2019framer,
  title = {{{FRAMER}}: A Tagged-Pointer Capability System with Memory Safety Applications},
  shorttitle = {{{FRAMER}}},
  booktitle = {Proc. 35th {{Annu}}. {{Comput}}. {{Secur}}. {{Appl}}. {{Conf}}.},
  author = {Nam, Myoung Jin and Akritidis, Periklis and Greaves, David J},
  date = {2019-12-09},
  pages = {612--626},
  publisher = {{ACM}},
  location = {{San Juan Puerto Rico USA}},
  eventtitle = {{{ACSAC}} '19: 2019 {{Annual Computer Security Applications Conference}}},
  annotation = {2 citations (Semantic Scholar/DOI) [2022-10-21]}
}

@inproceedings{narayan2020retrofitting,
  title = {Retrofitting {{Fine Grain Isolation}} in the {{Firefox Renderer}}},
  author = {Narayan, Shravan and Disselkoen, Craig and Garfinkel, Tal and Froyd, Nathan and Rahm, Eric and Lerner, Sorin and Shacham, Hovav and Stefan, Deian},
  date = {2020},
  pages = {699--716},
  eventtitle = {29th {{USENIX Security Symposium}} ({{USENIX Security}} 20)}
}

@inproceedings{narayanan2020redleaf,
  title = {{{RedLeaf}}: {{Isolation}} and {{Communication}} in a {{Safe Operating System}}},
  shorttitle = {\{\vphantom\}{{RedLeaf}}\vphantom\{\}},
  author = {Narayanan, Vikram and Huang, Tianjiao and Detweiler, David and Appel, Dan and Li, Zhaofeng and Zellweger, Gerd and Burtsev, Anton},
  date = {2020},
  pages = {21--39},
  eventtitle = {14th {{USENIX Symposium}} on {{Operating Systems Design}} and {{Implementation}} ({{OSDI}} 20)}
}

@inproceedings{ngabonziza2016trustzone,
  title = {{{TrustZone Explained}}: {{Architectural Features}} and {{Use Cases}}},
  shorttitle = {{{TrustZone Explained}}},
  booktitle = {2016 {{IEEE}} 2nd {{Int}}. {{Conf}}. {{Collab}}. {{Internet Comput}}. {{CIC}}},
  author = {Ngabonziza, Bernard and Martin, Daniel and Bailey, Anna and Cho, Haehyun and Martin, Sarah},
  date = {2016-11},
  pages = {445--451},
  publisher = {{IEEE}},
  location = {{Pittsburgh, PA, USA}},
  eventtitle = {2016 {{IEEE}} 2nd {{International Conference}} on {{Collaboration}} and {{Internet Computing}} ({{CIC}})},
  annotation = {67 citations (Semantic Scholar/DOI) [2022-11-01]}
}

@inproceedings{nguyen2020binarylevel,
  title = {Binary-Level {{Directed Fuzzing}} for {{Use-After-Free Vulnerabilities}}},
  author = {Nguyen, Manh-Dung and Bardin, S\'ebastien and Bonichon, Richard and Groz, Roland and Lemerre, Matthieu},
  date = {2020},
  pages = {47--62},
  eventtitle = {23rd {{International Symposium}} on {{Research}} in {{Attacks}}, {{Intrusions}} and {{Defenses}} ({{RAID}} 2020)}
}

@inproceedings{nider2021case,
  title = {A {{Case Study}} of {{Processing-in-Memory}} in off-the-{{Shelf Systems}}},
  author = {Nider, Joel and Mustard, Craig and Zoltan, Andrada and Ramsden, John and Liu, Larry and Grossbard, Jacob and Dashti, Mohammad and Jodin, Romaric and Ghiti, Alexandre and Chauzi, Jordi and Fedorova, Alexandra},
  date = {2021},
  pages = {117--130},
  eventtitle = {2021 {{USENIX Annual Technical Conference}} ({{USENIX ATC}} 21)}
}

@inproceedings{nienhuis2020rigorous,
  title = {Rigorous Engineering for Hardware Security: {{Formal}} Modelling and Proof in the {{CHERI}} Design and Implementation Process},
  shorttitle = {Rigorous Engineering for Hardware Security},
  booktitle = {2020 {{IEEE Symp}}. {{Secur}}. {{Priv}}. {{SP}}},
  author = {Nienhuis, Kyndylan and Joannou, Alexandre and Bauereiss, Thomas and Fox, Anthony and Roe, Michael and Campbell, Brian and Naylor, Matthew and Norton, Robert M. and Moore, Simon W. and Neumann, Peter G. and Stark, Ian and Watson, Robert N. M. and Sewell, Peter},
  date = {2020-05},
  pages = {1003--1020},
  eventtitle = {2020 {{IEEE Symposium}} on {{Security}} and {{Privacy}} ({{SP}})},
  annotation = {17 citations (Semantic Scholar/DOI) [2022-08-22]}
}

@inproceedings{nilizadeh2019diffuzz,
  title = {{{DifFuzz}}: Differential Fuzzing for Side-Channel Analysis},
  shorttitle = {{{DifFuzz}}},
  booktitle = {Proc. 41st {{Int}}. {{Conf}}. {{Softw}}. {{Eng}}.},
  author = {Nilizadeh, Shirin and Noller, Yannic and P\u{a}s\u{a}reanu, Corina S.},
  date = {2019-05-25},
  series = {{{ICSE}} '19},
  pages = {176--187},
  publisher = {{IEEE Press}},
  location = {{Montreal, Quebec, Canada}},
  annotation = {43 citations (Semantic Scholar/DOI) [2022-08-22]}
}

@inproceedings{niu2015perinput,
  title = {Per-{{Input Control-Flow Integrity}}},
  booktitle = {Proc. 22nd {{ACM SIGSAC Conf}}. {{Comput}}. {{Commun}}. {{Secur}}.},
  author = {Niu, Ben and Tan, Gang},
  date = {2015-10-12},
  pages = {914--926},
  publisher = {{ACM}},
  location = {{Denver Colorado USA}},
  eventtitle = {{{CCS}}'15: {{The}} 22nd {{ACM Conference}} on {{Computer}} and {{Communications Security}}},
  annotation = {144 citations (Semantic Scholar/DOI) [2022-08-22]}
}

@inproceedings{novark2010dieharder,
  title = {{{DieHarder}}: Securing the Heap},
  shorttitle = {{{DieHarder}}},
  booktitle = {Proc. 17th {{ACM Conf}}. {{Comput}}. {{Commun}}. {{Secur}}.},
  author = {Novark, Gene and Berger, Emery D.},
  date = {2010-10-04},
  series = {{{CCS}} '10},
  pages = {573--584},
  publisher = {{Association for Computing Machinery}},
  location = {{New York, NY, USA}},
  annotation = {3 citations (Semantic Scholar/DOI) [2022-08-22]}
}

@misc{nyman2018hardscope,
  title = {{{HardScope}}: {{Thwarting DOP}} with {{Hardware-assisted Run-time Scope Enforcement}}},
  shorttitle = {{{HardScope}}},
  author = {Nyman, Thomas and Dessouky, Ghada and Zeitouni, Shaza and Lehikoinen, Aaro and Paverd, Andrew and Asokan, N. and Sadeghi, Ahmad-Reza},
  date = {2018-03-12},
  number = {arXiv:1705.10295},
  eprint = {1705.10295},
  eprinttype = {arxiv},
  primaryclass = {cs},
  publisher = {{arXiv}},
  archiveprefix = {arXiv},
  annotation = {18 citations (Semantic Scholar/arXiv) [2022-08-22]}
}

@inproceedings{nyman2019hardscope,
  title = {{{HardScope}}: {{Hardening Embedded Systems Against Data-Oriented Attacks}}},
  shorttitle = {{{HardScope}}},
  booktitle = {2019 56th {{ACMIEEE Des}}. {{Autom}}. {{Conf}}. {{DAC}}},
  author = {Nyman, Thomas and Dessouky, Ghada and Zeitouni, Shaza and Lehikoinen, Aaro and Paverd, Andrew and Asokan, N. and Sadeghi, Ahmad-Reza},
  date = {2019-06},
  pages = {1--6},
  eventtitle = {2019 56th {{ACM}}/{{IEEE Design Automation Conference}} ({{DAC}})}
}

@inproceedings{orenbach2019cosmix,
  title = {{{CoSMIX}}: {{A Compiler-based System}} for {{Secure Memory Instrumentation}} and {{Execution}} in {{Enclaves}}},
  shorttitle = {\{\vphantom\}{{CoSMIX}}\vphantom\{\}},
  author = {Orenbach, Meni and Michalevsky, Yan and Fetzer, Christof and Silberstein, Mark},
  date = {2019},
  pages = {555--570},
  eventtitle = {2019 {{USENIX Annual Technical Conference}} ({{USENIX ATC}} 19)}
}

@inproceedings{palit2019mitigating,
  title = {Mitigating Data Leakage by Protecting Memory-Resident Sensitive Data},
  booktitle = {Proc. 35th {{Annu}}. {{Comput}}. {{Secur}}. {{Appl}}. {{Conf}}.},
  author = {Palit, Tapti and Monrose, Fabian and Polychronakis, Michalis},
  date = {2019-12-09},
  series = {{{ACSAC}} '19},
  pages = {598--611},
  publisher = {{Association for Computing Machinery}},
  location = {{New York, NY, USA}},
  annotation = {12 citations (Semantic Scholar/DOI) [2022-10-31]}
}

@inproceedings{palit2021dynpta,
  title = {{{DynPTA}}: {{Combining Static}} and {{Dynamic Analysis}} for {{Practical Selective Data Protection}}},
  shorttitle = {{{DynPTA}}},
  booktitle = {2021 {{IEEE Symp}}. {{Secur}}. {{Priv}}. {{SP}}},
  author = {Palit, Tapti and Firose Moon, Jarin and Monrose, Fabian and Polychronakis, Michalis},
  date = {2021-05},
  pages = {1919--1937},
  eventtitle = {2021 {{IEEE Symposium}} on {{Security}} and {{Privacy}} ({{SP}})},
  annotation = {7 citations (Semantic Scholar/DOI) [2022-08-22]}
}

@article{payersoftware,
  title = {Software {{Security}}},
  author = {Payer, Mathias},
  pages = {132}
}

@inproceedings{pewny2019steroids,
  title = {{{STEROIDS}} for {{DOPed Applications}}: {{A Compiler}} for {{Automated Data-Oriented Programming}}},
  shorttitle = {{{STEROIDS}} for {{DOPed Applications}}},
  booktitle = {2019 {{IEEE Eur}}. {{Symp}}. {{Secur}}. {{Priv}}. {{EuroSP}}},
  author = {Pewny, Jannik and Koppe, Philipp and Holz, Thorsten},
  date = {2019-06},
  pages = {111--126},
  eventtitle = {2019 {{IEEE European Symposium}} on {{Security}} and {{Privacy}} ({{EuroS}}\&{{P}})},
  annotation = {8 citations (Semantic Scholar/DOI) [2022-08-22]}
}

@inproceedings{phan2017synthesis,
  title = {Synthesis of {{Adaptive Side-Channel Attacks}}},
  booktitle = {2017 {{IEEE}} 30th {{Comput}}. {{Secur}}. {{Found}}. {{Symp}}. {{CSF}}},
  author = {Phan, Quoc-Sang and Bang, Lucas and Pasareanu, Corina S. and Malacaria, Pasquale and Bultan, Tevfik},
  date = {2017-08},
  pages = {328--342},
  eventtitle = {2017 {{IEEE}} 30th {{Computer Security Foundations Symposium}} ({{CSF}})},
  annotation = {51 citations (Semantic Scholar/DOI) [2022-08-22]}
}

@inproceedings{proskurin2020xmp,
  title = {{{xMP}}: {{Selective Memory Protection}} for {{Kernel}} and {{User Space}}},
  shorttitle = {{{xMP}}},
  booktitle = {2020 {{IEEE Symp}}. {{Secur}}. {{Priv}}. {{SP}}},
  author = {Proskurin, Sergej and Momeu, Marius and Ghavamnia, Seyedhamed and Kemerlis, Vasileios P. and Polychronakis, Michalis},
  date = {2020-05},
  pages = {563--577},
  eventtitle = {2020 {{IEEE Symposium}} on {{Security}} and {{Privacy}} ({{SP}})},
  annotation = {22 citations (Semantic Scholar/DOI) [2022-08-22]}
}

@inproceedings{provos2003preventing,
  title = {Preventing {{Privilege Escalation}}},
  author = {Provos, Niels and Friedl, Markus and Honeyman, Peter},
  date = {2003},
  eventtitle = {12th {{USENIX Security Symposium}} ({{USENIX Security}} 03)}
}

@inproceedings{qian2019razor,
  title = {\{\vphantom\}{{RAZOR}}\vphantom\{\}: {{A Framework}} for {{Post-deployment Software Debloating}}},
  shorttitle = {\{\vphantom\}{{RAZOR}}\vphantom\{\}},
  author = {Qian, Chenxiong and Hu, Hong and Alharthi, Mansour and Chung, Pak Ho and Kim, Taesoo and Lee, Wenke},
  date = {2019},
  pages = {1733--1750},
  eventtitle = {28th {{USENIX Security Symposium}} ({{USENIX Security}} 19)}
}

@inproceedings{qian2020slimium,
  title = {Slimium: {{Debloating}} the {{Chromium Browser}} with {{Feature Subsetting}}},
  shorttitle = {Slimium},
  booktitle = {Proc. 2020 {{ACM SIGSAC Conf}}. {{Comput}}. {{Commun}}. {{Secur}}.},
  author = {Qian, Chenxiong and Koo, Hyungjoon and Oh, ChangSeok and Kim, Taesoo and Lee, Wenke},
  date = {2020-10-30},
  series = {{{CCS}} '20},
  pages = {461--476},
  publisher = {{Association for Computing Machinery}},
  location = {{New York, NY, USA}},
  annotation = {9 citations (Semantic Scholar/DOI) [2022-08-22]}
}

@inproceedings{quach2019bloat,
  title = {Bloat {{Factors}} and {{Binary Specialization}}},
  booktitle = {Proc. 3rd {{ACM Workshop Form}}. {{Ecosyst}}. {{Softw}}. {{Transform}}.},
  author = {Quach, Anh and Prakash, Aravind},
  date = {2019-11-15},
  series = {{{FEAST}}'19},
  pages = {31--38},
  publisher = {{Association for Computing Machinery}},
  location = {{New York, NY, USA}},
  annotation = {5 citations (Semantic Scholar/DOI) [2022-08-22]}
}

@article{ramsey2006teach,
  title = {Teach {{Technical Writing}} in {{Two Hours}} per {{Week}}},
  author = {Ramsey, Norman},
  date = {2006},
  pages = {31}
}

@article{randalallison2020ideal,
  title = {The {{Ideal Versus}} the {{Real}}},
  author = {RandalAllison},
  date = {2020-02-05},
  journaltitle = {ACM Comput. Surv. CSUR},
  publisher = {{ACM}},
  annotation = {4 citations (Semantic Scholar/DOI) [2022-08-22] 		PUB27 		New York, NY, USA}
}

@inproceedings{recoules2019get,
  title = {Get {{Rid}} of {{Inline Assembly}} through {{Verification-Oriented Lifting}}},
  booktitle = {2019 34th {{IEEEACM Int}}. {{Conf}}. {{Autom}}. {{Softw}}. {{Eng}}. {{ASE}}},
  author = {Recoules, Frederic and Bardin, Sebastien and Bonichon, Richard and Mounier, Laurent and Potet, Marie-Laure},
  date = {2019-11},
  pages = {577--589},
  publisher = {{IEEE}},
  location = {{San Diego, CA, USA}},
  eventtitle = {2019 34th {{IEEE}}/{{ACM International Conference}} on {{Automated Software Engineering}} ({{ASE}})},
  annotation = {10 citations (Semantic Scholar/DOI) [2022-09-01]}
}

@inproceedings{recoules2021interface,
  title = {Interface {{Compliance}} of {{Inline Assembly}}: {{Automatically Check}}, {{Patch}} and {{Refine}}},
  shorttitle = {Interface {{Compliance}} of {{Inline Assembly}}},
  booktitle = {2021 {{IEEEACM}} 43rd {{Int}}. {{Conf}}. {{Softw}}. {{Eng}}. {{ICSE}}},
  author = {Recoules, Fr\'ed\'eric and Bardin, S\'ebastien and Bonichon, Richard and Lemerre, Matthieu and Mounier, Laurent and Potet, Marie-Laure},
  date = {2021-05},
  pages = {1236--1247},
  eventtitle = {2021 {{IEEE}}/{{ACM}} 43rd {{International Conference}} on {{Software Engineering}} ({{ICSE}})},
  annotation = {2 citations (Semantic Scholar/DOI) [2022-09-01]}
}

@inproceedings{rivera2021keeping,
  title = {Keeping {{Safe Rust Safe}} with {{Galeed}}},
  booktitle = {Annu. {{Comput}}. {{Secur}}. {{Appl}}. {{Conf}}.},
  author = {Rivera, Elijah and Mergendahl, Samuel and Shrobe, Howard and Okhravi, Hamed and Burow, Nathan},
  date = {2021-12-06},
  series = {{{ACSAC}} '21},
  pages = {824--836},
  publisher = {{Association for Computing Machinery}},
  location = {{New York, NY, USA}},
  annotation = {3 citations (Semantic Scholar/DOI) [2022-08-22]}
}

@incollection{roessler2021mscope,
  title = {{{$\mu$SCOPE}}: {{A Methodology}} for {{Analyzing Least-Privilege Compartmentalization}} in {{Large Software Artifacts}}},
  shorttitle = {{{$\mu$SCOPE}}},
  booktitle = {24th {{International Symposium}} on {{Research}} in {{Attacks}}, {{Intrusions}} and {{Defenses}}},
  author = {Roessler, Nick and Atayde, Lucas and Palmer, Imani and McKee, Derrick and Pandey, Jai and Kemerlis, Vasileios P. and Payer, Mathias and Bates, Adam and Smith, Jonathan M. and DeHon, Andre and Dautenhahn, Nathan},
  date = {2021-10-06},
  pages = {296--311},
  publisher = {{Association for Computing Machinery}},
  location = {{New York, NY, USA}}
}

@inproceedings{rogowski2017revisiting,
  title = {Revisiting {{Browser Security}} in the {{Modern Era}}: {{New Data-Only Attacks}} and {{Defenses}}},
  shorttitle = {Revisiting {{Browser Security}} in the {{Modern Era}}},
  booktitle = {2017 {{IEEE Eur}}. {{Symp}}. {{Secur}}. {{Priv}}. {{EuroSP}}},
  author = {Rogowski, Roman and Morton, Micah and Li, Forrest and Monrose, Fabian and Snow, Kevin Z. and Polychronakis, Michalis},
  date = {2017-04},
  pages = {366--381},
  eventtitle = {2017 {{IEEE European Symposium}} on {{Security}} and {{Privacy}} ({{EuroS}}\&{{P}})},
  annotation = {33 citations (Semantic Scholar/DOI) [2022-10-31]}
}

@article{sangpridwen,
  title = {{{PRIDWEN}}: {{Universally Hardening SGX Programs}} via {{Load-Time Synthesis}}},
  author = {Sang, Fan and Shih, Ming-Wei and Lee, Sangho and Zhang, Xiaokuan and Steiner, Michael and Vij, Mona and Kim, Taesoo},
  pages = {17}
}

@inproceedings{sartakov2021cubicleos,
  title = {{{CubicleOS}}: A Library {{OS}} with Software Componentisation for Practical Isolation},
  shorttitle = {{{CubicleOS}}},
  booktitle = {Proc. 26th {{ACM Int}}. {{Conf}}. {{Archit}}. {{Support Program}}. {{Lang}}. {{Oper}}. {{Syst}}.},
  author = {Sartakov, Vasily A. and Vilanova, Llu\'is and Pietzuch, Peter},
  date = {2021-04-19},
  series = {{{ASPLOS}} 2021},
  pages = {546--558},
  publisher = {{Association for Computing Machinery}},
  location = {{New York, NY, USA}},
  annotation = {8 citations (Semantic Scholar/DOI) [2022-08-22]}
}

@inproceedings{sartakov2021spons,
  title = {Spons \& {{Shields}}: Practical Isolation for Trusted Execution},
  shorttitle = {Spons \& {{Shields}}},
  booktitle = {Proc. 17th {{ACM SIGPLANSIGOPS Int}}. {{Conf}}. {{Virtual Exec}}. {{Environ}}.},
  author = {Sartakov, Vasily A. and O'Keeffe, Daniel and Eyers, David and Vilanova, Llu\'is and Pietzuch, Peter},
  date = {2021-04-16},
  series = {{{VEE}} 2021},
  pages = {186--200},
  publisher = {{Association for Computing Machinery}},
  location = {{New York, NY, USA}},
  annotation = {2 citations (Semantic Scholar/DOI) [2022-08-22]}
}

@inproceedings{saxena2022memory,
  title = {Memory Deduplication for Serverless Computing with {{Medes}}},
  booktitle = {Proc. {{Seventeenth Eur}}. {{Conf}}. {{Comput}}. {{Syst}}.},
  author = {Saxena, Divyanshu and Ji, Tao and Singhvi, Arjun and Khalid, Junaid and Akella, Aditya},
  date = {2022-03-28},
  series = {{{EuroSys}} '22},
  pages = {714--729},
  publisher = {{Association for Computing Machinery}},
  location = {{New York, NY, USA}},
  annotation = {0 citations (Semantic Scholar/DOI) [2022-08-22]}
}

@inproceedings{schrammel2022jenny,
  title = {Jenny: {{Securing Syscalls}} for \{\vphantom\}{{PKU-based}}\vphantom\{\} {{Memory Isolation Systems}}},
  shorttitle = {Jenny},
  author = {Schrammel, David and Weiser, Samuel and Sadek, Richard and Mangard, Stefan},
  date = {2022},
  pages = {936--952},
  eventtitle = {31st {{USENIX Security Symposium}} ({{USENIX Security}} 22)}
}

@article{sehr2010adapting,
  title = {Adapting {{Software Fault Isolation}} to {{Contemporary CPU Architectures}}},
  author = {Sehr, David and Muth, Robert and Schimpf, Karl and Biffle, Cliff and Khimenko, Victor and Yee, Bennet and Chen, Brad and Pasko, Egor},
  date = {2010},
  pages = {11}
}

@inproceedings{seo2016flexdroid,
  title = {{{FLEXDROID}}: {{Enforcing In-App Privilege Separation}} in {{Android}}},
  shorttitle = {{{FLEXDROID}}},
  booktitle = {Proc. 2016 {{Netw}}. {{Distrib}}. {{Syst}}. {{Secur}}. {{Symp}}.},
  author = {Seo, Jaebaek and Kim, Daehyeok and Cho, Donghyun and Kim, Taesoo and Shin, Insik},
  date = {2016},
  publisher = {{Internet Society}},
  location = {{San Diego, CA}},
  eventtitle = {Network and {{Distributed System Security Symposium}}},
  annotation = {85 citations (Semantic Scholar/DOI) [2022-08-22]}
}

@article{shafiei2022serverless,
  title = {Serverless {{Computing}}: {{A Survey}} of {{Opportunities}}, {{Challenges}}, and {{Applications}}},
  shorttitle = {Serverless {{Computing}}},
  author = {Shafiei, Hossein and Khonsari, Ahmad and Mousavi, Payam},
  date = {2022-01-06},
  journaltitle = {ACM Comput. Surv.},
  annotation = {0 citations (Semantic Scholar/DOI) [2022-08-22] Just Accepted}
}

@article{shapiroeros,
  title = {{{EROS}}: A Fast Capability System\textsterling},
  author = {Shapiro, Jonathan S and Smith, Jonathan M and Farber, David J},
  pages = {16}
}

@inproceedings{sharif2018trimmer,
  title = {{{TRIMMER}}: Application Specialization for Code Debloating},
  shorttitle = {{{TRIMMER}}},
  booktitle = {Proc. 33rd {{ACMIEEE Int}}. {{Conf}}. {{Autom}}. {{Softw}}. {{Eng}}.},
  author = {Sharif, Hashim and Abubakar, Muhammad and Gehani, Ashish and Zaffar, Fareed},
  date = {2018-09-03},
  series = {{{ASE}} 2018},
  pages = {329--339},
  publisher = {{Association for Computing Machinery}},
  location = {{New York, NY, USA}},
  annotation = {58 citations (Semantic Scholar/DOI) [2022-08-22]}
}

@misc{she2022effective,
  title = {Effective {{Seed Scheduling}} for {{Fuzzing}} with {{Graph Centrality Analysis}}},
  author = {She, Dongdong and Shah, Abhishek and Jana, Suman},
  date = {2022-03-24},
  number = {arXiv:2203.12064},
  eprint = {2203.12064},
  eprinttype = {arxiv},
  primaryclass = {cs},
  publisher = {{arXiv}},
  archiveprefix = {arXiv},
  annotation = {1 citations (Semantic Scholar/arXiv) [2022-09-02] 1 citations (Semantic Scholar/DOI) [2022-09-02]}
}

@inproceedings{shen2020heapexpo,
  title = {{{HeapExpo}}: {{Pinpointing Promoted Pointers}} to {{Prevent Use-After-Free Vulnerabilities}}},
  shorttitle = {{{HeapExpo}}},
  booktitle = {Annu. {{Comput}}. {{Secur}}. {{Appl}}. {{Conf}}.},
  author = {Shen, Zekun and Dolan-Gavitt, Brendan},
  date = {2020-12-07},
  series = {{{ACSAC}} '20},
  pages = {454--465},
  publisher = {{Association for Computing Machinery}},
  location = {{New York, NY, USA}},
  annotation = {1 citations (Semantic Scholar/DOI) [2022-08-22]}
}

@inproceedings{shen2020occlum,
  title = {Occlum: {{Secure}} and {{Efficient Multitasking Inside}} a {{Single Enclave}} of {{Intel SGX}}},
  shorttitle = {Occlum},
  booktitle = {Proc. {{Twenty-Fifth Int}}. {{Conf}}. {{Archit}}. {{Support Program}}. {{Lang}}. {{Oper}}. {{Syst}}.},
  author = {Shen, Youren and Tian, Hongliang and Chen, Yu and Chen, Kang and Wang, Runji and Xu, Yi and Xia, Yubin and Yan, Shoumeng},
  date = {2020-03-09},
  pages = {955--970},
  publisher = {{ACM}},
  location = {{Lausanne Switzerland}},
  eventtitle = {{{ASPLOS}} '20: {{Architectural Support}} for {{Programming Languages}} and {{Operating Systems}}},
  annotation = {5 citations (Semantic Scholar/DOI) [2022-10-21]}
}

@inproceedings{shillaker2020faasm,
  title = {Faasm: {{Lightweight Isolation}} for {{Efficient Stateful Serverless Computing}}},
  shorttitle = {Faasm},
  author = {Shillaker, Simon and Pietzuch, Peter},
  date = {2020},
  pages = {419--433},
  eventtitle = {2020 {{USENIX Annual Technical Conference}} ({{USENIX ATC}} 20)}
}

@inproceedings{shin2019crcount,
  title = {{{CRCount}}: {{Pointer Invalidation}} with {{Reference Counting}} to {{Mitigate Use-after-free}} in {{Legacy C}}/{{C}}++},
  shorttitle = {{{CRCount}}},
  booktitle = {Proc. 2019 {{Netw}}. {{Distrib}}. {{Syst}}. {{Secur}}. {{Symp}}.},
  author = {Shin, Jangseop and Kwon, Donghyun and Seo, Jiwon and Cho, Yeongpil and Paek, Yunheung},
  date = {2019},
  publisher = {{Internet Society}},
  location = {{San Diego, CA}},
  eventtitle = {Network and {{Distributed System Security Symposium}}},
  annotation = {13 citations (Semantic Scholar/DOI) [2022-08-22]}
}

@inproceedings{shinde2016preventing,
  title = {Preventing {{Page Faults}} from {{Telling Your Secrets}}},
  booktitle = {Proc. 11th {{ACM Asia Conf}}. {{Comput}}. {{Commun}}. {{Secur}}.},
  author = {Shinde, Shweta and Chua, Zheng Leong and Narayanan, Viswesh and Saxena, Prateek},
  date = {2016-05-30},
  pages = {317--328},
  publisher = {{ACM}},
  location = {{Xi'an China}},
  eventtitle = {{{ASIA CCS}} '16: {{ACM Asia Conference}} on {{Computer}} and {{Communications Security}}},
  annotation = {176 citations (Semantic Scholar/DOI) [2022-08-22]}
}

@inproceedings{silvestro2017freeguard,
  title = {{{FreeGuard}}: {{A Faster Secure Heap Allocator}}},
  shorttitle = {{{FreeGuard}}},
  booktitle = {Proc. 2017 {{ACM SIGSAC Conf}}. {{Comput}}. {{Commun}}. {{Secur}}.},
  author = {Silvestro, Sam and Liu, Hongyu and Crosser, Corey and Lin, Zhiqiang and Liu, Tongping},
  date = {2017-10-30},
  series = {{{CCS}} '17},
  pages = {2389--2403},
  publisher = {{Association for Computing Machinery}},
  location = {{New York, NY, USA}},
  annotation = {43 citations (Semantic Scholar/DOI) [2022-08-22]}
}

@inproceedings{silvestro2018guarder,
  title = {Guarder: {{A Tunable Secure Allocator}}},
  shorttitle = {Guarder},
  author = {Silvestro, Sam and Liu, Hongyu and Liu, Tianyi and Lin, Zhiqiang and Liu, Tongping},
  date = {2018},
  pages = {117--133},
  eventtitle = {27th {{USENIX Security Symposium}} ({{USENIX Security}} 18)}
}

@inproceedings{singhvi2021atoll,
  title = {Atoll: {{A Scalable Low-Latency Serverless Platform}}},
  shorttitle = {Atoll},
  booktitle = {Proc. {{ACM Symp}}. {{Cloud Comput}}.},
  author = {Singhvi, Arjun and Balasubramanian, Arjun and Houck, Kevin and Shaikh, Mohammed Danish and Venkataraman, Shivaram and Akella, Aditya},
  date = {2021-11-01},
  series = {{{SoCC}} '21},
  pages = {138--152},
  publisher = {{Association for Computing Machinery}},
  location = {{New York, NY, USA}},
  annotation = {4 citations (Semantic Scholar/DOI) [2022-08-22]}
}

@inproceedings{soneji2022flawed,
  title = {``{{Flawed}}, but like Democracy We Don't Have a Better System'': {{The Experts}}' {{Insights}} on the {{Peer Review Process}} of {{Evaluating Security Papers}}},
  shorttitle = {``{{Flawed}}, but like Democracy We Don't Have a Better System''},
  author = {Soneji, Ananta and Kokulu, Faris Bugra and Rubio-Medrano, Carlos and Bao, Tiffany and Wang, Ruoyu and Shoshitaishvili, Yan and Doup\'e, Adam},
  date = {2022-04-20},
  pages = {1560--1560},
  publisher = {{IEEE Computer Society}},
  eventtitle = {2022 {{IEEE Symposium}} on {{Security}} and {{Privacy}} ({{SP}})}
}

@article{sonejiexperts,
  title = {The {{Experts}}' {{Insights}} on the {{Peer Review Process}} of {{Evaluating Security Papers}}},
  author = {Soneji, Ananta and Kokulu, Faris Bugra and Rubio-Medrano, Carlos and Wang, Ruoyu and Shoshitaishvili, Yan and Doupe, Adam},
  pages = {18}
}

@inproceedings{song2016enforcing,
  title = {Enforcing {{Kernel Security Invariants}} with {{Data Flow Integrity}}},
  author = {Song, Chengyu and Lee, Byoungyoung and Lu, Kangjie and Harris, William and Kim, Taesoo and Lee, Wenke},
  date = {2016-02-24},
  annotation = {97 citations (Semantic Scholar/DOI) [2022-08-22]}
}

@inproceedings{song2019sok,
  title = {{{SoK}}: {{Sanitizing}} for {{Security}}},
  shorttitle = {{{SoK}}},
  booktitle = {2019 {{IEEE Symp}}. {{Secur}}. {{Priv}}. {{SP}}},
  author = {Song, Dokyung and Lettner, Julian and Rajasekaran, Prabhu and Na, Yeoul and Volckaert, Stijn and Larsen, Per and Franz, Michael},
  date = {2019-05},
  pages = {1275--1295},
  eventtitle = {2019 {{IEEE Symposium}} on {{Security}} and {{Privacy}} ({{SP}})},
  annotation = {86 citations (Semantic Scholar/DOI) [2022-08-22]}
}

@article{sufatrio2015securing,
  title = {Securing {{Android}}},
  author = {Sufatrio and J, TanDarell J. and ChuaTong-Wei and L, ThingVrizlynn L.},
  date = {2015-05-11},
  journaltitle = {ACM Comput. Surv. CSUR},
  publisher = {{ACM}},
  annotation = {118 citations (Semantic Scholar/DOI) [2022-08-22] 		PUB27 		New York, NY, USA}
}

@inproceedings{sun2020oat,
  title = {{{OAT}}: {{Attesting Operation Integrity}} of {{Embedded Devices}}},
  shorttitle = {{{OAT}}},
  booktitle = {2020 {{IEEE Symp}}. {{Secur}}. {{Priv}}. {{SP}}},
  author = {Sun, Zhichuang and Feng, Bo and Lu, Long and Jha, Somesh},
  date = {2020-05},
  pages = {1433--1449},
  eventtitle = {2020 {{IEEE Symposium}} on {{Security}} and {{Privacy}} ({{SP}})},
  annotation = {23 citations (Semantic Scholar/DOI) [2022-08-22]}
}

@inproceedings{sun2022ksg,
  title = {\{\vphantom\}{{KSG}}\vphantom\{\}: {{Augmenting Kernel Fuzzing}} with {{System Call Specification Generation}}},
  shorttitle = {\{\vphantom\}{{KSG}}\vphantom\{\}},
  author = {Sun, Hao and Shen, Yuheng and Liu, Jianzhong and Xu, Yiru and Jiang, Yu},
  date = {2022},
  pages = {351--366},
  eventtitle = {2022 {{USENIX Annual Technical Conference}} ({{USENIX ATC}} 22)}
}

@article{sunksg,
  title = {{{KSG}}: {{Augmenting Kernel Fuzzing}} with {{System Call Specification Generation}}},
  author = {Sun, Hao and Shen, Yuheng and Liu, Jianzhong and Jiang, Yu and Xu, Yiru},
  pages = {16}
}

@inproceedings{szekeres2013sok,
  title = {{{SoK}}: {{Eternal War}} in {{Memory}}},
  shorttitle = {{{SoK}}},
  booktitle = {2013 {{IEEE Symp}}. {{Secur}}. {{Priv}}.},
  author = {Szekeres, L\'aszl\'o and Payer, Mathias and Wei, Tao and Song, Dawn},
  date = {2013-05},
  pages = {48--62},
  eventtitle = {2013 {{IEEE Symposium}} on {{Security}} and {{Privacy}}},
  annotation = {563 citations (Semantic Scholar/DOI) [2022-08-22]}
}

@inproceedings{taassori2018vault,
  title = {{{VAULT}}: {{Reducing Paging Overheads}} in {{SGX}} with {{Efficient Integrity Verification Structures}}},
  shorttitle = {{{VAULT}}},
  booktitle = {Proc. {{Twenty-Third Int}}. {{Conf}}. {{Archit}}. {{Support Program}}. {{Lang}}. {{Oper}}. {{Syst}}.},
  author = {Taassori, Meysam and Shafiee, Ali and Balasubramonian, Rajeev},
  date = {2018-03-19},
  pages = {665--678},
  publisher = {{ACM}},
  location = {{Williamsburg VA USA}},
  eventtitle = {{{ASPLOS}} '18: {{Architectural Support}} for {{Programming Languages}} and {{Operating Systems}}},
  annotation = {94 citations (Semantic Scholar/DOI) [2022-08-30]}
}

@article{tan2017principlesa,
  title = {Principles and {{Implementation Techniques}} of {{Software-Based Fault Isolation}}},
  author = {Tan, Gang},
  date = {2017},
  journaltitle = {FNT in Privacy and Security},
  volume = {1},
  number = {3},
  pages = {137--198},
  annotation = {21 citations (Semantic Scholar/DOI) [2022-10-21]}
}

@inproceedings{tan2021roload,
  title = {{{ROLoad}}: {{Securing Sensitive Operations}} with {{Pointee Integrity}}},
  shorttitle = {{{ROLoad}}},
  booktitle = {2021 58th {{ACMIEEE Des}}. {{Autom}}. {{Conf}}. {{DAC}}},
  author = {Tan, Wende and Li, Yuan and Zhang, Chao and Chen, Xingman and Yang, Songtao and Liu, Ying and Wu, Jianping},
  date = {2021-12},
  pages = {307--312},
  eventtitle = {2021 58th {{ACM}}/{{IEEE Design Automation Conference}} ({{DAC}})},
  annotation = {0 citations (Semantic Scholar/DOI) [2022-08-22]}
}

@inproceedings{tartler2012automatic,
  title = {Automatic \{\vphantom\}{{OS}}\vphantom\{\} {{Kernel}} \{\vphantom\}{{TCB}}\vphantom\{\} {{Reduction}} by {{Leveraging}} \{\vphantom\}{{Compile-Time}}\vphantom\{\} {{Configurability}}},
  author = {Tartler, Reinhard and Kurmus, Anil and Heinloth, Bernhard and Rothberg, Valentin and Ruprecht, Andreas and Dorneanu, Daniela and Kapitza, R\"udiger and Schr\"oder-Preikschat, Wolfgang and Lohmann, Daniel},
  date = {2012},
  eventtitle = {Eighth {{Workshop}} on {{Hot Topics}} in {{System Dependability}} ({{HotDep}} 12)}
}

@inproceedings{tartler2014static,
  title = {Static {{Analysis}} of {{Variability}} in {{System Software}}: {{The}} 90,000 \#ifdefs {{Issue}}},
  shorttitle = {Static {{Analysis}} of {{Variability}} in {{System Software}}},
  author = {Tartler, Reinhard and Dietrich, Christian and Sincero, Julio and Schr\"oder-Preikschat, Wolfgang and Lohmann, Daniel},
  date = {2014},
  pages = {421--432},
  eventtitle = {2014 {{USENIX Annual Technical Conference}} ({{USENIX ATC}} 14)}
}

@article{tromer2010efficient,
  title = {Efficient {{Cache Attacks}} on {{AES}}, and {{Countermeasures}}},
  author = {Tromer, Eran and Osvik, Dag Arne and Shamir, Adi},
  date = {2010-01},
  journaltitle = {J Cryptol},
  volume = {23},
  number = {1},
  pages = {37--71},
  annotation = {434 citations (Semantic Scholar/DOI) [2022-08-22]}
}

@inproceedings{vanderkouwe2017dangsan,
  title = {{{DangSan}}: {{Scalable Use-after-free Detection}}},
  shorttitle = {{{DangSan}}},
  booktitle = {Proc. {{Twelfth Eur}}. {{Conf}}. {{Comput}}. {{Syst}}.},
  author = {family=Kouwe, given=Erik, prefix=van der, useprefix=true and Nigade, Vinod and Giuffrida, Cristiano},
  date = {2017-04-23},
  series = {{{EuroSys}} '17},
  pages = {405--419},
  publisher = {{Association for Computing Machinery}},
  location = {{New York, NY, USA}},
  annotation = {61 citations (Semantic Scholar/DOI) [2022-08-22]}
}

@inproceedings{vanderkouwe2018typeaftertype,
  title = {Type-{{After-Type}}: {{Practical}} and {{Complete Type-Safe Memory Reuse}}},
  shorttitle = {Type-{{After-Type}}},
  booktitle = {Proc. 34th {{Annu}}. {{Comput}}. {{Secur}}. {{Appl}}. {{Conf}}.},
  author = {family=Kouwe, given=Erik, prefix=van der, useprefix=true and Kroes, Taddeus and Ouwehand, Chris and Bos, Herbert and Giuffrida, Cristiano},
  date = {2018-12-03},
  series = {{{ACSAC}} '18},
  pages = {17--27},
  publisher = {{Association for Computing Machinery}},
  location = {{New York, NY, USA}},
  annotation = {5 citations (Semantic Scholar/DOI) [2022-08-22]}
}

@inproceedings{vanderkouwe2019sok,
  title = {{{SoK}}: {{Benchmarking Flaws}} in {{Systems Security}}},
  shorttitle = {{{SoK}}},
  booktitle = {2019 {{IEEE Eur}}. {{Symp}}. {{Secur}}. {{Priv}}. {{EuroSP}}},
  author = {family=Kouwe, given=Erik, prefix=van der, useprefix=true and Heiser, Gernot and Andriesse, Dennis and Bos, Herbert and Giuffrida, Cristiano},
  date = {2019-06},
  pages = {310--325},
  publisher = {{IEEE}},
  location = {{Stockholm, Sweden}},
  eventtitle = {2019 {{IEEE European Symposium}} on {{Security}} and {{Privacy}} ({{EuroS}}\&{{P}})},
  annotation = {14 citations (Semantic Scholar/DOI) [2022-08-22]}
}

@inproceedings{vanderveen2016tough,
  title = {A {{Tough Call}}: {{Mitigating Advanced Code-Reuse Attacks}} at the {{Binary Level}}},
  shorttitle = {A {{Tough Call}}},
  booktitle = {2016 {{IEEE Symp}}. {{Secur}}. {{Priv}}. {{SP}}},
  author = {family=Veen, given=Victor, prefix=van der, useprefix=true and G\"oktas, Enes and Contag, Moritz and Pawoloski, Andre and Chen, Xi and Rawat, Sanjay and Bos, Herbert and Holz, Thorsten and Athanasopoulos, Elias and Giuffrida, Cristiano},
  date = {2016-05},
  pages = {934--953},
  eventtitle = {2016 {{IEEE Symposium}} on {{Security}} and {{Privacy}} ({{SP}})},
  annotation = {157 citations (Semantic Scholar/DOI) [2022-08-22]}
}

@book{vanschaik2018malicious,
  title = {Malicious Management Unit: {{Why}} Stopping Cache Attacks in Software Is Harder than You Think},
  shorttitle = {Malicious Management Unit},
  author = {Van Schaik, Stephan and Giuffrida, Cristiano and Bos, Herbert and Razavi, Kaveh},
  date = {2018-08},
  publisher = {{USENIX Association}},
  annotation = {OCLC: 8514259013}
}

@inproceedings{vasilakis2018breakapp,
  title = {{{BreakApp}}: {{Automated}}, {{Flexible Application Compartmentalization}}},
  shorttitle = {{{BreakApp}}},
  booktitle = {Proc. 2018 {{Netw}}. {{Distrib}}. {{Syst}}. {{Secur}}. {{Symp}}.},
  author = {Vasilakis, Nikos and Karel, Ben and Roessler, Nick and Dautenhahn, Nathan and DeHon, Andre and Smith, Jonathan M.},
  date = {2018},
  publisher = {{Internet Society}},
  location = {{San Diego, CA}},
  eventtitle = {Network and {{Distributed System Security Symposium}}},
  annotation = {41 citations (Semantic Scholar/DOI) [2022-08-22]}
}

@inproceedings{vasilakis2021preventing,
  title = {Preventing {{Dynamic Library Compromise}} on {{Node}}.Js via {{RWX-Based Privilege Reduction}}},
  booktitle = {Proc. 2021 {{ACM SIGSAC Conf}}. {{Comput}}. {{Commun}}. {{Secur}}.},
  author = {Vasilakis, Nikos and Staicu, Cristian-Alexandru and Ntousakis, Grigoris and Kallas, Konstantinos and Karel, Ben and DeHon, Andr\'e and Pradel, Michael},
  date = {2021-11-12},
  series = {{{CCS}} '21},
  pages = {1821--1838},
  publisher = {{Association for Computing Machinery}},
  location = {{New York, NY, USA}},
  annotation = {7 citations (Semantic Scholar/DOI) [2022-08-22]}
}

@inproceedings{vasilakis2021supplychain,
  title = {Supply-{{Chain Vulnerability Elimination}} via {{Active Learning}} and {{Regeneration}}},
  booktitle = {Proc. 2021 {{ACM SIGSAC Conf}}. {{Comput}}. {{Commun}}. {{Secur}}.},
  author = {Vasilakis, Nikos and Benetopoulos, Achilles and Handa, Shivam and Schoen, Alizee and Shen, Jiasi and Rinard, Martin C.},
  date = {2021-11-12},
  series = {{{CCS}} '21},
  pages = {1755--1770},
  publisher = {{Association for Computing Machinery}},
  location = {{New York, NY, USA}},
  annotation = {5 citations (Semantic Scholar/DOI) [2022-08-22]}
}

@inproceedings{vasiliadis2014pixelvault,
  title = {{{PixelVault}}: {{Using GPUs}} for {{Securing Cryptographic Operations}}},
  shorttitle = {{{PixelVault}}},
  booktitle = {Proc. 2014 {{ACM SIGSAC Conf}}. {{Comput}}. {{Commun}}. {{Secur}}.},
  author = {Vasiliadis, Giorgos and Athanasopoulos, Elias and Polychronakis, Michalis and Ioannidis, Sotiris},
  date = {2014-11-03},
  pages = {1131--1142},
  publisher = {{ACM}},
  location = {{Scottsdale Arizona USA}},
  eventtitle = {{{CCS}}'14: 2014 {{ACM SIGSAC Conference}} on {{Computer}} and {{Communications Security}}},
  annotation = {57 citations (Semantic Scholar/DOI) [2022-08-22]}
}

@inproceedings{vicarte2022augury,
  title = {Augury: {{Using}} Data Memory-Dependent Prefetchers to Leak Data at Rest},
  shorttitle = {Augury},
  author = {Vicarte, Jose Sanchez and Flanders, Michael and Paccagnella, Riccardo and Garrett-Grossman, Grant and Morrison, Adam and Fletcher, Chris and Kohlbrenner, David},
  date = {2022-04-20},
  pages = {1518--1518},
  publisher = {{IEEE Computer Society}},
  eventtitle = {2022 {{IEEE Symposium}} on {{Security}} and {{Privacy}} ({{SP}})}
}

@inproceedings{volos2018graviton,
  title = {Graviton: {{Trusted Execution Environments}} on {{GPUs}}},
  shorttitle = {Graviton},
  author = {Volos, Stavros and Vaswani, Kapil and Bruno, Rodrigo},
  date = {2018},
  pages = {681--696},
  eventtitle = {13th {{USENIX Symposium}} on {{Operating Systems Design}} and {{Implementation}} ({{OSDI}} 18)}
}

@inproceedings{voulimeneas2022you,
  title = {You Shall Not (by)Pass! Practical, Secure, and Fast {{PKU-based}} Sandboxing},
  booktitle = {Proc. {{Seventeenth Eur}}. {{Conf}}. {{Comput}}. {{Syst}}.},
  author = {Voulimeneas, Alexios and Vinck, Jonas and Mechelinck, Ruben and Volckaert, Stijn},
  date = {2022-03-28},
  series = {{{EuroSys}} '22},
  pages = {266--282},
  publisher = {{Association for Computing Machinery}},
  location = {{New York, NY, USA}},
  annotation = {3 citations (Semantic Scholar/DOI) [2022-08-22]}
}

@inproceedings{wang2015binary,
  title = {Binary {{Code Continent}}: {{Finer-Grained Control Flow Integrity}} for {{Stripped Binaries}}},
  shorttitle = {Binary {{Code Continent}}},
  booktitle = {Proc. 31st {{Annu}}. {{Comput}}. {{Secur}}. {{Appl}}. {{Conf}}.},
  author = {Wang, Minghua and Yin, Heng and Bhaskar, Abhishek Vasisht and Su, Purui and Feng, Dengguo},
  date = {2015-12-07},
  series = {{{ACSAC}} '15},
  pages = {331--340},
  publisher = {{Association for Computing Machinery}},
  location = {{New York, NY, USA}},
  annotation = {30 citations (Semantic Scholar/DOI) [2022-10-24]}
}

@inproceedings{wang2017how,
  title = {How \{\vphantom\}{{Double-Fetch}}\vphantom\{\} {{Situations}} Turn into \{\vphantom\}{{Double-Fetch}}\vphantom\{\} {{Vulnerabilities}}: {{A Study}} of {{Double Fetches}} in the {{Linux Kernel}}},
  shorttitle = {How \{\vphantom\}{{Double-Fetch}}\vphantom\{\} {{Situations}} Turn into \{\vphantom\}{{Double-Fetch}}\vphantom\{\} {{Vulnerabilities}}},
  author = {Wang, Pengfei and Krinke, Jens and Lu, Kai and Li, Gen and Dodier-Lazaro, Steve},
  date = {2017},
  pages = {1--16},
  eventtitle = {26th {{USENIX Security Symposium}} ({{USENIX Security}} 17)}
}

@inproceedings{wang2018check,
  title = {Check {{It Again}}: {{Detecting Lacking-Recheck Bugs}} in {{OS Kernels}}},
  shorttitle = {Check {{It Again}}},
  booktitle = {Proc. 2018 {{ACM SIGSAC Conf}}. {{Comput}}. {{Commun}}. {{Secur}}.},
  author = {Wang, Wenwen and Lu, Kangjie and Yew, Pen-Chung},
  date = {2018-10-15},
  series = {{{CCS}} '18},
  pages = {1899--1913},
  publisher = {{Association for Computing Machinery}},
  location = {{New York, NY, USA}},
  annotation = {27 citations (Semantic Scholar/DOI) [2022-08-22]}
}

@inproceedings{wang2018peeking,
  title = {Peeking {{Behind}} the {{Curtains}} of {{Serverless Platforms}}},
  author = {Wang, Liang and Li, Mengyuan and Zhang, Yinqian and Ristenpart, Thomas and Swift, Michael},
  date = {2018},
  pages = {133--146},
  eventtitle = {2018 {{USENIX Annual Technical Conference}} ({{USENIX ATC}} 18)}
}

@inproceedings{wang2019memory,
  title = {Towards {{Memory Safe Enclave Programming}} with {{Rust-SGX}}},
  booktitle = {Proc. 2019 {{ACM SIGSAC Conf}}. {{Comput}}. {{Commun}}. {{Secur}}.},
  author = {Wang, Huibo and Wang, Pei and Ding, Yu and Sun, Mingshen and Jing, Yiming and Duan, Ran and Li, Long and Zhang, Yulong and Wei, Tao and Lin, Zhiqiang},
  date = {2019-11-06},
  series = {{{CCS}} '19},
  pages = {2333--2350},
  publisher = {{Association for Computing Machinery}},
  location = {{New York, NY, USA}},
  annotation = {46 citations (Semantic Scholar/DOI) [2022-08-22]}
}

@inproceedings{wang2020seimi,
  title = {{{SEIMI}}: {{Efficient}} and {{Secure SMAP-Enabled Intra-process Memory Isolation}}},
  shorttitle = {{{SEIMI}}},
  booktitle = {2020 {{IEEE Symp}}. {{Secur}}. {{Priv}}. {{SP}}},
  author = {Wang, Zhe and Wu, Chenggang and Xie, Mengyao and Zhang, Yinqian and Lu, Kangjie and Zhang, Xiaofeng and Lai, Yuanming and Kang, Yan and Yang, Min},
  date = {2020-05},
  pages = {592--607},
  eventtitle = {2020 {{IEEE Symposium}} on {{Security}} and {{Privacy}} ({{SP}})},
  annotation = {8 citations (Semantic Scholar/DOI) [2022-08-22]}
}

@inproceedings{wang2022rttee,
  title = {{{RT-TEE}}: {{Real-time System Availability}} for {{Cyber-physical Systems}} Using {{ARM TrustZone}}},
  shorttitle = {{{RT-TEE}}},
  author = {Wang, Jinwen and Li, Ao and Li, Haoran and Lu, Chenyang and Zhang, Ning},
  date = {2022-04-20},
  pages = {1573--1573},
  publisher = {{IEEE Computer Society}},
  eventtitle = {2022 {{IEEE Symposium}} on {{Security}} and {{Privacy}} ({{SP}})}
}

@inproceedings{watson2015cheri,
  title = {{{CHERI}}: {{A Hybrid Capability-System Architecture}} for {{Scalable Software Compartmentalization}}},
  shorttitle = {{{CHERI}}},
  booktitle = {2015 {{IEEE Symp}}. {{Secur}}. {{Priv}}.},
  author = {Watson, Robert N.M. and Woodruff, Jonathan and Neumann, Peter G. and Moore, Simon W. and Anderson, Jonathan and Chisnall, David and Dave, Nirav and Davis, Brooks and Gudka, Khilan and Laurie, Ben and Murdoch, Steven J. and Norton, Robert and Roe, Michael and Son, Stacey and Vadera, Munraj},
  date = {2015-05},
  pages = {20--37},
  eventtitle = {2015 {{IEEE Symposium}} on {{Security}} and {{Privacy}}},
  annotation = {176 citations (Semantic Scholar/DOI) [2022-08-22]}
}

@article{watsoncapsicum,
  title = {Capsicum: Practical Capabilities for {{UNIX}}},
  author = {Watson, Robert N M and Anderson, Jonathan and Kennaway, Kris and Laurie, Ben},
  pages = {17}
}

@online{welcome,
  title = {Welcome to {{G}}.{{O}}.{{S}}.{{S}}.{{I}}.{{P}} {$\cdot$}}
}

@article{wenzl2020hack,
  title = {From {{Hack}} to {{Elaborate Technique}}\textemdash{{A Survey}} on {{Binary Rewriting}}},
  author = {Wenzl, Matthias and Merzdovnik, Georg and Ullrich, Johanna and Weippl, Edgar},
  date = {2020-05-31},
  journaltitle = {ACM Comput. Surv.},
  volume = {52},
  number = {3},
  pages = {1--37},
  annotation = {31 citations (Semantic Scholar/DOI) [2022-08-22]}
}

@inproceedings{wesleyfilardo2020cornucopia,
  title = {Cornucopia: {{Temporal Safety}} for {{CHERI Heaps}}},
  shorttitle = {Cornucopia},
  booktitle = {2020 {{IEEE Symp}}. {{Secur}}. {{Priv}}. {{SP}}},
  author = {Wesley Filardo, Nathaniel and Gutstein, Brett F. and Woodruff, Jonathan and Ainsworth, Sam and Paul-Trifu, Lucian and Davis, Brooks and Xia, Hongyan and Tomasz Napierala, Edward and Richardson, Alexander and Baldwin, John and Chisnall, David and Clarke, Jessica and Gudka, Khilan and Joannou, Alexandre and Theodore Markettos, A. and Mazzinghi, Alfredo and Norton, Robert M. and Roe, Michael and Sewell, Peter and Son, Stacey and Jones, Timothy M. and Moore, Simon W. and Neumann, Peter G. and Watson, Robert N. M.},
  date = {2020-05},
  pages = {608--625},
  eventtitle = {2020 {{IEEE Symposium}} on {{Security}} and {{Privacy}} ({{SP}})},
  annotation = {16 citations (Semantic Scholar/DOI) [2022-08-22]}
}

@article{whitesides2004whitesides,
  title = {Whitesides' {{Group}}: {{Writing}} a {{Paper}}},
  shorttitle = {Whitesides' {{Group}}},
  author = {Whitesides, G. M.},
  date = {2004-08-04},
  journaltitle = {Adv. Mater.},
  volume = {16},
  number = {15},
  pages = {1375--1377},
  annotation = {85 citations (Semantic Scholar/DOI) [2022-08-22]}
}

@inproceedings{wickman2021preventing,
  title = {Preventing {{Use-After-Free Attacks}} with {{Fast Forward Allocation}}},
  author = {Wickman, Brian and Hu, Hong and Yun, Insu and Jang, Daehee and Lim, JungWon and Kashyap, Sanidhya and Kim, Taesoo},
  date = {2021},
  pages = {2453--2470},
  eventtitle = {30th {{USENIX Security Symposium}} ({{USENIX Security}} 21)}
}

@book{williams1990style,
  title = {Style: Toward Clarity and Grace},
  shorttitle = {Style},
  author = {Williams, Joseph M.},
  date = {1990},
  series = {Chicago Guides to Writing, Editing, and Publishing},
  publisher = {{University of Chicago Press}},
  location = {{Chicago}},
  pagetotal = {208}
}

@book{williams2014style,
  title = {Style: Lessons in Clarity and Grace},
  shorttitle = {Style},
  author = {Williams, Joseph M. and Bizup, Joseph},
  date = {2014},
  edition = {Eleventh edition},
  publisher = {{Pearson}},
  location = {{Boston}},
  pagetotal = {260}
}

@inproceedings{woodruff2014cheri,
  title = {The {{CHERI}} Capability Model: {{Revisiting RISC}} in an Age of Risk},
  shorttitle = {The {{CHERI}} Capability Model},
  booktitle = {2014 {{ACMIEEE}} 41st {{Int}}. {{Symp}}. {{Comput}}. {{Archit}}. {{ISCA}}},
  author = {Woodruff, Jonathan and Watson, Robert N. M. and Chisnall, David and Moore, Simon W. and Anderson, Jonathan and Davis, Brooks and Laurie, Ben and Neumann, Peter G. and Norton, Robert and Roe, Michael},
  date = {2014-06},
  pages = {457--468},
  eventtitle = {2014 {{ACM}}/{{IEEE}} 41st {{International Symposium}} on {{Computer Architecture}} ({{ISCA}})}
}

@online{writing,
  title = {Writing {{Systems}} and {{Networking Articles}}}
}

@inproceedings{wu2019machine,
  title = {Machine {{Learning}} at {{Facebook}}: {{Understanding Inference}} at the {{Edge}}},
  shorttitle = {Machine {{Learning}} at {{Facebook}}},
  booktitle = {2019 {{IEEE Int}}. {{Symp}}. {{High Perform}}. {{Comput}}. {{Archit}}. {{HPCA}}},
  author = {Wu, Carole-Jean and Brooks, David and Chen, Kevin and Chen, Douglas and Choudhury, Sy and Dukhan, Marat and Hazelwood, Kim and Isaac, Eldad and Jia, Yangqing and Jia, Bill and Leyvand, Tommer and Lu, Hao and Lu, Yang and Qiao, Lin and Reagen, Brandon and Spisak, Joe and Sun, Fei and Tulloch, Andrew and Vajda, Peter and Wang, Xiaodong and Wang, Yanghan and Wasti, Bram and Wu, Yiming and Xian, Ran and Yoo, Sungjoo and Zhang, Peizhao},
  date = {2019-02},
  pages = {331--344},
  eventtitle = {2019 {{IEEE International Symposium}} on {{High Performance Computer Architecture}} ({{HPCA}})},
  annotation = {273 citations (Semantic Scholar/DOI) [2022-11-01]}
}

@article{wu2022dancing,
  title = {Dancing with {{Wolves}}: {{An Intra-process Isolation Technique}} with {{Privileged Hardware}}},
  shorttitle = {Dancing with {{Wolves}}},
  author = {Wu, Chenggang and Xie, Mengyao and Wang, Zhe and Zhang, Yinqian and Lu, Kangjie and Zhang, Xiaofeng and Lai, Yuanming and Kang, Yan and Yang, Min and Li, Tao},
  date = {2022},
  journaltitle = {IEEE Trans. Dependable Secure Comput.},
  pages = {1--1},
  eventtitle = {{{IEEE Transactions}} on {{Dependable}} and {{Secure Computing}}},
  annotation = {0 citations (Semantic Scholar/DOI) [2022-08-22]}
}

@inproceedings{wu2022dnd,
  title = {{{DnD}}: {{A Cross-Architecture Deep Neural Network Decompiler}}},
  shorttitle = {\{\vphantom\}{{DnD}}\vphantom\{\}},
  author = {Wu, Ruoyu and Kim, Taegyu and Tian, Dave (Jing) and Bianchi, Antonio and Xu, Dongyan},
  date = {2022},
  pages = {2135--2152},
  eventtitle = {31st {{USENIX Security Symposium}} ({{USENIX Security}} 22)}
}

@inproceedings{xia2018cherirtos,
  title = {{{CheriRTOS}}: {{A Capability Model}} for {{Embedded Devices}}},
  shorttitle = {{{CheriRTOS}}},
  booktitle = {2018 {{IEEE}} 36th {{Int}}. {{Conf}}. {{Comput}}. {{Des}}. {{ICCD}}},
  author = {Xia, Hongyan and Woodruff, Jonathan and Barral, Hadrien and Esswood, Lawrence and Joannou, Alexandre and Kovacsics, Robert and Chisnall, David and Roe, Michael and Davis, Brooks and Napierala, Edward and Baldwin, John and Gudka, Khilan and Neumann, Peter G. and Richardson, Alexander and Moore, Simon W. and Watson, Robert N. M.},
  date = {2018-10},
  pages = {92--99},
  eventtitle = {2018 {{IEEE}} 36th {{International Conference}} on {{Computer Design}} ({{ICCD}})},
  annotation = {6 citations (Semantic Scholar/DOI) [2022-08-22]}
}

@inproceedings{xia2019cherivoke,
  title = {{{CHERIvoke}}: {{Characterising Pointer Revocation}} Using {{CHERI Capabilities}} for {{Temporal Memory Safety}}},
  shorttitle = {{{CHERIvoke}}},
  booktitle = {Proc. 52nd {{Annu}}. {{IEEEACM Int}}. {{Symp}}. {{Microarchitecture}}},
  author = {Xia, Hongyan and Woodruff, Jonathan and Ainsworth, Sam and Filardo, Nathaniel W. and Roe, Michael and Richardson, Alexander and Rugg, Peter and Neumann, Peter G. and Moore, Simon W. and Watson, Robert N. M. and Jones, Timothy M.},
  date = {2019-10-12},
  series = {{{MICRO}} '52},
  pages = {545--557},
  publisher = {{Association for Computing Machinery}},
  location = {{New York, NY, USA}},
  annotation = {2 citations (Semantic Scholar/DOI) [2022-08-22]}
}

@inproceedings{xia2022secretfree,
  title = {A {{Secret-Free Hypervisor}}: {{Rethinking Isolation}} in the {{Age}} of {{Speculative Vulnerabilities}}},
  shorttitle = {A {{Secret-Free Hypervisor}}},
  author = {Xia, Hongyan and Zhang, David and Liu, Wei and Haller, Istvan and Sherwin, Bruce and Chisnall, David},
  date = {2022-04-20},
  pages = {1544--1544},
  publisher = {{IEEE Computer Society}},
  eventtitle = {2022 {{IEEE Symposium}} on {{Security}} and {{Privacy}} ({{SP}})}
}

@inproceedings{xin2020subdomainbased,
  title = {Subdomain-Based Generality-Aware Debloating},
  booktitle = {Proc. 35th {{IEEEACM Int}}. {{Conf}}. {{Autom}}. {{Softw}}. {{Eng}}.},
  author = {Xin, Qi and Kim, Myeongsoo and Zhang, Qirun and Orso, Alessandro},
  date = {2020-12-21},
  series = {{{ASE}} '20},
  pages = {224--236},
  publisher = {{Association for Computing Machinery}},
  location = {{New York, NY, USA}},
  annotation = {0 citations (Semantic Scholar/DOI) [2022-08-22]}
}

@inproceedings{xu2015controlledchannel,
  title = {Controlled-{{Channel Attacks}}: {{Deterministic Side Channels}} for {{Untrusted Operating Systems}}},
  shorttitle = {Controlled-{{Channel Attacks}}},
  booktitle = {2015 {{IEEE Symp}}. {{Secur}}. {{Priv}}.},
  author = {Xu, Yuanzhong and Cui, Weidong and Peinado, Marcus},
  date = {2015-05},
  pages = {640--656},
  eventtitle = {2015 {{IEEE Symposium}} on {{Security}} and {{Privacy}}},
  annotation = {617 citations (Semantic Scholar/DOI) [2022-08-22]}
}

@inproceedings{xu2018precise,
  title = {Precise and {{Scalable Detection}} of {{Double-Fetch Bugs}} in {{OS Kernels}}},
  booktitle = {2018 {{IEEE Symp}}. {{Secur}}. {{Priv}}. {{SP}}},
  author = {Xu, Meng and Qian, Chenxiong and Lu, Kangjie and Backes, Michael and Kim, Taesoo},
  date = {2018-05},
  pages = {661--678},
  eventtitle = {2018 {{IEEE Symposium}} on {{Security}} and {{Privacy}} ({{SP}})},
  annotation = {47 citations (Semantic Scholar/DOI) [2022-08-22]}
}

@inproceedings{xu2019confirm,
  title = {\{\vphantom\}{{CONFIRM}}\vphantom\{\}: {{Evaluating Compatibility}} and {{Relevance}} of {{Control-flow Integrity Protections}} for {{Modern Software}}},
  shorttitle = {\{\vphantom\}{{CONFIRM}}\vphantom\{\}},
  author = {Xu, Xiaoyang and Ghaffarinia, Masoud and Wang, Wenhao and Hamlen, Kevin W. and Lin, Zhiqiang},
  date = {2019},
  pages = {1805--1821},
  eventtitle = {28th {{USENIX Security Symposium}} ({{USENIX Security}} 19)}
}

@inproceedings{xu2021infat,
  title = {In-Fat Pointer: Hardware-Assisted Tagged-Pointer Spatial Memory Safety Defense with Subobject Granularity Protection},
  shorttitle = {In-Fat Pointer},
  booktitle = {Proc. 26th {{ACM Int}}. {{Conf}}. {{Archit}}. {{Support Program}}. {{Lang}}. {{Oper}}. {{Syst}}.},
  author = {Xu, Shengjie and Huang, Wei and Lie, David},
  date = {2021-04-19},
  series = {{{ASPLOS}} 2021},
  pages = {224--240},
  publisher = {{Association for Computing Machinery}},
  location = {{New York, NY, USA}},
  annotation = {4 citations (Semantic Scholar/DOI) [2022-08-22]}
}

@inproceedings{xu2022cooper,
  title = {{{COOPER}}: {{Testing}} the {{Binding Code}} of {{Scripting Languages}} with {{Cooperative Mutation}}},
  shorttitle = {{{COOPER}}},
  booktitle = {Proc. 2022 {{Netw}}. {{Distrib}}. {{Syst}}. {{Secur}}. {{Symp}}.},
  author = {Xu, Peng and Wang, Yanhao and Hu, Hong and Su, Purui},
  date = {2022},
  publisher = {{Internet Society}},
  location = {{San Diego, CA, USA}},
  eventtitle = {Network and {{Distributed System Security Symposium}}},
  annotation = {0 citations (Semantic Scholar/DOI) [2022-08-22]}
}

@inproceedings{yagemann2021automated,
  title = {Automated {{Bug Hunting With Data-Driven Symbolic Root Cause Analysis}}},
  booktitle = {Proc. 2021 {{ACM SIGSAC Conf}}. {{Comput}}. {{Commun}}. {{Secur}}.},
  author = {Yagemann, Carter and Chung, Simon P. and Saltaformaggio, Brendan and Lee, Wenke},
  date = {2021-11-12},
  series = {{{CCS}} '21},
  pages = {320--336},
  publisher = {{Association for Computing Machinery}},
  location = {{New York, NY, USA}},
  annotation = {3 citations (Semantic Scholar/DOI) [2022-08-22]}
}

@inproceedings{yee2009native,
  title = {Native {{Client}}: {{A Sandbox}} for {{Portable}}, {{Untrusted}} X86 {{Native Code}}},
  shorttitle = {Native {{Client}}},
  booktitle = {2009 30th {{IEEE Symp}}. {{Secur}}. {{Priv}}.},
  author = {Yee, Bennet and Sehr, David and Dardyk, Gregory and Chen, J. Bradley and Muth, Robert and Ormandy, Tavis and Okasaka, Shiki and Narula, Neha and Fullagar, Nicholas},
  date = {2009-05},
  pages = {79--93},
  eventtitle = {2009 30th {{IEEE Symposium}} on {{Security}} and {{Privacy}}}
}

@inproceedings{yin2022finding,
  title = {Finding {{SMM Privilege-Escalation Vulnerabilities}} in {{UEFI Firmware}} with {{Protocol-Centric Static Analysis}}},
  author = {Yin, Jiawei and Li, Menghao and Wu, Wei and Sun, Dandan and Zhou, Jianhua and Huo, Wei and Xue, Jingling},
  date = {2022-04-20},
  pages = {1570--1570},
  publisher = {{IEEE Computer Society}},
  eventtitle = {2022 {{IEEE Symposium}} on {{Security}} and {{Privacy}} ({{SP}})}
}

@misc{yoo2021inkernel,
  title = {In-{{Kernel Control-Flow Integrity}} on {{Commodity OSes}} Using {{ARM Pointer Authentication}}},
  author = {Yoo, Sungbae and Park, Jinbum and Kim, Seolheui and Kim, Yeji and Kim, Taesoo},
  date = {2021-12-14},
  number = {arXiv:2112.07213},
  eprint = {2112.07213},
  eprinttype = {arxiv},
  primaryclass = {cs},
  publisher = {{arXiv}},
  archiveprefix = {arXiv},
  annotation = {0 citations (Semantic Scholar/arXiv) [2022-08-22]}
}

@inproceedings{yoo2022inkernel,
  title = {\{\vphantom\}{{In-Kernel}}\vphantom\{\} \{\vphantom\}{{Control-Flow}}\vphantom\{\} {{Integrity}} on {{Commodity}} \{\vphantom\}{{OSes}}\vphantom\{\} Using \{\vphantom\}{{ARM}}\vphantom\{\} {{Pointer Authentication}}},
  author = {Yoo, Sungbae and Park, Jinbum and Kim, Seolheui and Kim, Yeji and Kim, Taesoo},
  date = {2022},
  pages = {89--106},
  eventtitle = {31st {{USENIX Security Symposium}} ({{USENIX Security}} 22)}
}

@article{yooinkernel,
  title = {In-{{Kernel Control-Flow Integrity}} on {{Commodity OSes}} Using {{ARM Pointer Authentication}}},
  author = {Yoo, Sungbae and Park, Jinbum and Kim, Seolheui and Kim, Yeji and Kim, Taesoo},
  pages = {19}
}

@inproceedings{younan2015freesentry,
  title = {{{FreeSentry}}: {{Protecting Against Use-After-Free Vulnerabilities Due}} to {{Dangling Pointers}}},
  shorttitle = {{{FreeSentry}}},
  booktitle = {Proc. 2015 {{Netw}}. {{Distrib}}. {{Syst}}. {{Secur}}. {{Symp}}.},
  author = {Younan, Yves},
  date = {2015},
  publisher = {{Internet Society}},
  location = {{San Diego, CA}},
  eventtitle = {Network and {{Distributed System Security Symposium}}},
  annotation = {85 citations (Semantic Scholar/DOI) [2022-08-22]}
}

@inproceedings{yu2019data,
  title = {Data {{Oblivious ISA Extensions}} for {{Side Channel-Resistant}} and {{High Performance Computing}}},
  booktitle = {Proc. 2019 {{Netw}}. {{Distrib}}. {{Syst}}. {{Secur}}. {{Symp}}.},
  author = {Yu, Jiyong and Hsiung, Lucas and El'Hajj, Mohamad and Fletcher, Christopher W.},
  date = {2019},
  publisher = {{Internet Society}},
  location = {{San Diego, CA}},
  eventtitle = {Network and {{Distributed System Security Symposium}}},
  annotation = {49 citations (Semantic Scholar/DOI) [2022-08-22]}
}

@inproceedings{yun2016apisan,
  title = {\{\vphantom\}{{APISan}}\vphantom\{\}: {{Sanitizing}} \{\vphantom\}{{API}}\vphantom\{\} {{Usages}} through {{Semantic}} \{\vphantom\}{{Cross-Checking}}\vphantom\{\}},
  shorttitle = {\{\vphantom\}{{APISan}}\vphantom\{\}},
  author = {Yun, Insu and Min, Changwoo and Si, Xujie and Jang, Yeongjin and Kim, Taesoo and Naik, Mayur},
  date = {2016},
  pages = {363--378},
  eventtitle = {25th {{USENIX Security Symposium}} ({{USENIX Security}} 16)}
}

@inproceedings{yun2019ginseng,
  title = {Ginseng: {{Keeping Secrets}} in {{Registers When You Distrust}} the {{Operating System}}},
  shorttitle = {Ginseng},
  booktitle = {Proc. 2019 {{Netw}}. {{Distrib}}. {{Syst}}. {{Secur}}. {{Symp}}.},
  author = {Yun, Min Hong and Zhong, Lin},
  date = {2019},
  publisher = {{Internet Society}},
  location = {{San Diego, CA}},
  eventtitle = {Network and {{Distributed System Security Symposium}}},
  annotation = {20 citations (Semantic Scholar/DOI) [2022-08-22]}
}

@inproceedings{zeng2011combining,
  title = {Combining Control-Flow Integrity and Static Analysis for Efficient and Validated Data Sandboxing},
  booktitle = {Proc. 18th {{ACM Conf}}. {{Comput}}. {{Commun}}. {{Secur}}.},
  author = {Zeng, Bin and Tan, Gang and Morrisett, Greg},
  date = {2011-10-17},
  series = {{{CCS}} '11},
  pages = {29--40},
  publisher = {{Association for Computing Machinery}},
  location = {{New York, NY, USA}},
  annotation = {80 citations (Semantic Scholar/DOI) [2022-10-21]}
}

@inproceedings{zhang2019bogo,
  title = {{{BOGO}}: {{Buy Spatial Memory Safety}}, {{Get Temporal Memory Safety}} ({{Almost}}) {{Free}}},
  shorttitle = {{{BOGO}}},
  booktitle = {Proc. {{Twenty-Fourth Int}}. {{Conf}}. {{Archit}}. {{Support Program}}. {{Lang}}. {{Oper}}. {{Syst}}.},
  author = {Zhang, Tong and Lee, Dongyoon and Jung, Changhee},
  date = {2019-04-04},
  series = {{{ASPLOS}} '19},
  pages = {631--644},
  publisher = {{Association for Computing Machinery}},
  location = {{New York, NY, USA}},
  annotation = {4 citations (Semantic Scholar/DOI) [2022-08-22]}
}

@inproceedings{zhang2019pex,
  title = {{{PeX}}: {{A Permission Check Analysis Framework}} for {{Linux Kernel}}},
  shorttitle = {\{\vphantom\}{{PeX}}\vphantom\{\}},
  author = {Zhang, Tong and Shen, Wenbo and Lee, Dongyoon and Jung, Changhee and Azab, Ahmed M. and Wang, Ruowen},
  date = {2019},
  pages = {1205--1220},
  eventtitle = {28th {{USENIX Security Symposium}} ({{USENIX Security}} 19)}
}

@article{zhang2019softme,
  title = {{{SoftME}}: {{A Software-Based Memory Protection Approach}} for {{TEE System}} to {{Resist Physical Attacks}}},
  shorttitle = {{{SoftME}}},
  author = {Zhang, Meiyu and Zhang, Qianying and Zhao, Shijun and Shi, Zhiping and Guan, Yong},
  date = {2019-03-04},
  journaltitle = {Security and Communication Networks},
  volume = {2019},
  pages = {1--12},
  annotation = {11 citations (Semantic Scholar/DOI) [2022-11-01]}
}

@article{zhang2019softmea,
  title = {{{SoftME}}: {{A Software-Based Memory Protection Approach}} for {{TEE System}} to {{Resist Physical Attacks}}},
  shorttitle = {{{SoftME}}},
  author = {Zhang, Meiyu and Zhang, Qianying and Zhao, Shijun and Shi, Zhiping and Guan, Yong},
  date = {2019-03-04},
  journaltitle = {Secur. Commun. Netw.},
  volume = {2019},
  pages = {e8690853},
  publisher = {{Hindawi}},
  annotation = {11 citations (Semantic Scholar/DOI) [2022-11-01]}
}

@inproceedings{zhang2021statically,
  title = {Statically {{Discovering High-Order Taint Style Vulnerabilities}} in {{OS Kernels}}},
  booktitle = {Proc. 2021 {{ACM SIGSAC Conf}}. {{Comput}}. {{Commun}}. {{Secur}}.},
  author = {Zhang, Hang and Chen, Weiteng and Hao, Yu and Li, Guoren and Zhai, Yizhuo and Zou, Xiaochen and Qian, Zhiyun},
  date = {2021-11-12},
  series = {{{CCS}} '21},
  pages = {811--824},
  publisher = {{Association for Computing Machinery}},
  location = {{New York, NY, USA}},
  annotation = {2 citations (Semantic Scholar/DOI) [2022-09-01]}
}

@inproceedings{zhang2022one,
  title = {One Size Does Not Fit All: Security Hardening of {{MIPS}} Embedded Systems via Static Binary Debloating for Shared Libraries},
  shorttitle = {One Size Does Not Fit All},
  booktitle = {Proc. 27th {{ACM Int}}. {{Conf}}. {{Archit}}. {{Support Program}}. {{Lang}}. {{Oper}}. {{Syst}}.},
  author = {Zhang, Haotian and Ren, Mengfei and Lei, Yu and Ming, Jiang},
  date = {2022-02-28},
  series = {{{ASPLOS}} 2022},
  pages = {255--270},
  publisher = {{Association for Computing Machinery}},
  location = {{New York, NY, USA}},
  annotation = {1 citations (Semantic Scholar/DOI) [2022-08-22]}
}

@inproceedings{zhao2022vsgx,
  title = {{{vSGX}}: {{Virtualizing SGX Enclaves}} on {{AMD SEV}}},
  shorttitle = {{{vSGX}}},
  author = {Zhao, Shixuan and Li, Mengyuan and Zhang, Yinqian and Lin, Zhiqiang},
  date = {2022-01-11},
  pages = {687--702},
  publisher = {{IEEE Computer Society}},
  eventtitle = {2022 {{IEEE Symposium}} on {{Security}} and {{Privacy}} ({{SP}})}
}

@inproceedings{zhou2014armlock,
  title = {{{ARMlock}}: {{Hardware-based Fault Isolation}} for {{ARM}}},
  shorttitle = {{{ARMlock}}},
  booktitle = {Proc. 2014 {{ACM SIGSAC Conf}}. {{Comput}}. {{Commun}}. {{Secur}}.},
  author = {Zhou, Yajin and Wang, Xiaoguang and Chen, Yue and Wang, Zhi},
  date = {2014-11-03},
  pages = {558--569},
  publisher = {{ACM}},
  location = {{Scottsdale Arizona USA}},
  eventtitle = {{{CCS}}'14: 2014 {{ACM SIGSAC Conference}} on {{Computer}} and {{Communications Security}}},
  annotation = {63 citations (Semantic Scholar/DOI) [2022-10-21]}
}

@inproceedings{zhou2022opec,
  title = {{{OPEC}}: Operation-Based Security Isolation for Bare-Metal Embedded Systems},
  shorttitle = {{{OPEC}}},
  booktitle = {Proc. {{Seventeenth Eur}}. {{Conf}}. {{Comput}}. {{Syst}}.},
  author = {Zhou, Xia and Li, Jiaqi and Zhang, Wenlong and Zhou, Yajin and Shen, Wenbo and Ren, Kui},
  date = {2022-03-28},
  series = {{{EuroSys}} '22},
  pages = {317--333},
  publisher = {{Association for Computing Machinery}},
  location = {{New York, NY, USA}},
  annotation = {0 citations (Semantic Scholar/DOI) [2022-08-22]}
}

@inproceedings{zhou2022smile,
  title = {{{SMILE}}: {{Secure Memory Introspection}} for {{Live Enclave}}},
  shorttitle = {{{SMILE}}},
  author = {Zhou, Lei and Ding, Xuhua and Zhang, Fengwei},
  date = {2022-04-20},
  pages = {1536--1536},
  publisher = {{IEEE Computer Society}},
  eventtitle = {2022 {{IEEE Symposium}} on {{Security}} and {{Privacy}} ({{SP}})}
}

@inproceedings{zhou2022smilea,
  title = {Smile: {{Secure Memory Introspection}} for {{Live Enclave}}},
  shorttitle = {Smile},
  booktitle = {2022 {{IEEE Symp}}. {{Secur}}. {{Priv}}. {{SP}}},
  author = {Zhou, Lei and Ding, Xuhua and Zhang, Fengwei},
  date = {2022-05},
  pages = {386--401},
  eventtitle = {2022 {{IEEE Symposium}} on {{Security}} and {{Privacy}} ({{SP}})},
  annotation = {1 citations (Semantic Scholar/DOI) [2022-11-01]}
}

@inproceedings{zhu2017understanding,
  title = {Understanding {{The Security}} of {{Discrete GPUs}}},
  booktitle = {Proc. {{Gen}}. {{Purp}}. {{GPUs}}},
  author = {Zhu, Zhiting and Kim, Sangman and Rozhanski, Yuri and Hu, Yige and Witchel, Emmett and Silberstein, Mark},
  date = {2017-02-04},
  series = {{{GPGPU-10}}},
  pages = {1--11},
  publisher = {{Association for Computing Machinery}},
  location = {{New York, NY, USA}},
  annotation = {32 citations (Semantic Scholar/DOI) [2022-08-22]}
}

@article{zhu2022fuzzing,
  title = {Fuzzing: {{A Survey}} for {{Roadmap}}},
  shorttitle = {Fuzzing},
  author = {Zhu, Xiaogang and Wen, Sheng and Camtepe, Seyit and Xiang, Yang},
  date = {2022-01-18},
  journaltitle = {ACM Comput. Surv.},
  annotation = {4 citations (Semantic Scholar/DOI) [2022-08-22] Just Accepted}
}

@inproceedings{zong2020fuzzguard,
  title = {{{FuzzGuard}}: {{Filtering}} out {{Unreachable Inputs}} in {{Directed Grey-box Fuzzing}} through {{Deep Learning}}},
  shorttitle = {\{\vphantom\}{{FuzzGuard}}\vphantom\{\}},
  author = {Zong, Peiyuan and Lv, Tao and Wang, Dawei and Deng, Zizhuang and Liang, Ruigang and Chen, Kai},
  date = {2020},
  pages = {2255--2269},
  eventtitle = {29th {{USENIX Security Symposium}} ({{USENIX Security}} 20)}
}

